2168 3005
211 147 318 212 Λᾶς
1006 149 1086 200 {N
1122 145 1358 201 FEsTo

220 254 328 290 cum
351 245 536 291 venerit
567 243 668 290 dies
686 243 857 306 Judicii
880 277 894 298 ‚
921 245 967 290 δι
990 246 1138 306 aperti

217 304 391 355 fuerint
408 307 509 355 libri
527 307 936 363 conscientiarum,
951 323 1056 356 cum
1070 308 1140 355 di-

218 384 350 419 cetur
374 371 434 418 de
464 387 541 420 me
569 409 585 429 ‚
616 387 726 420 ecce
752 375 901 420 homo
927 376 975 420 ὅτ
996 387 1140 434 opera

215 435 337 497 ejus,
358 438 469 499 quid
495 437 661 485 faciam
679 449 792 484 tunc
814 437 1026 485 ‘Domine
1044 439 1138 486 De-

217 514 270 547 us
299 515 460 556 meus,
489 515 596 549 cum
621 502 724 548 coeli
749 502 1028 550 revelabunt
1054 502 1139 550 ini-

215 565 447 629 quitatem
467 581 623 614 meam
641 569 688 614 ὅτ
700 564 943 614 adversum
957 581 1034 615 me
1045 579 1138 614 ter-

214 643 266 676 ra
279 629 542 693 consurget.
578 631 766 677 Ventus
789 629 864 677 hic
878 631 1138 679 vehemens

210 695 420 742 cont-erit
444 709 588 743 naves
601 693 753 743 Tarsis
767 728 780 749 ,
795 697 843 743 δι
863 694 979 743 ficut
995 697 1136 760 Aqui·

210 758 258 805 lo
272 756 451 820 diffipat
463 759 660 821 pluvias,
687 760 761 822 (a)
775 758 983 808 similiter
998 763 1046 809 Sc
1060 761 1136 808 hic

215 824 376 870 omnia
393 835 585 886 peccata
608 824 783 885 nostra3
804 825 881 887 (b)
897 823 1028 873 flabit
1040 826 1138 888 Spi-

209 887 326 935 ritus
349 888 448 949 ejus
473 891 522 937 &
547 887 701 936 fluent
721 903 869 952 aquae.

275 951 483 1000 Ultimus
515 946 708 1001 demum
749 965 920 1001 ventus
941 988 957 1013 ‚
992 968 1134 1016 quem

209 1017 386 1065 emittit
408 1017 607 1080 Spiritus
641 1018 683 1068 S·
706 1019 764 1066 de
794 1017 1023 1066 thesauris
1049 1017 1136 1068 suis

209 1081 271 1128 est
304 1082 467 1130 Auster
497 1119 513 1141 ‚
538 1082 878 1131 reminiscentia
913 1078 1137 1134 nimirum

215 1158 504 1194 aeternorum
519 1148 823 1212 gaudiorum,
848 1163 958 1195 nam
983 1147 1137 1197 secun-

210 1203 324 1259 dum
348 1210 638 1260 Godlridum
660 1213 706 1261 in
731 1224 834 1274 cap.
859 1212 1029 1261 Ezech.
1058 1226 1080 1266 3
1121 1252 1133 1267 .

208 1275 384 1339 Aquilo
409 1271 641 1340 fignificat
669 1277 892 1324 timorem
923 1276 1134 1338 judicio-

210 1355 316 1388 rum
342 1374 355 1395 ,
383 1340 550 1389 Auster
572 1331 690 1388 vero
711 1339 991 1389 desiderium
1014 1355 1135 1402 proe-

208 1406 432 1457 miorum.
504 1403 697 1452 Ventus
737 1403 816 1452 hic
849 1405 1009 1453 omnia
1037 1417 1137 1453 tor-

208 1482 375 1518 menta
396 1505 412 1527 ,
435 1481 595 1518 cruces
609 1467 829 1530 ,dolores
844 1504 862 1527 ,
885 1467 1137 1520 adversita-

210 1545 283 1582 tes
307 1538 357 1584 δε
370 1534 683 1583 desolationes
702 1535 946 1584 convertit
962 1535 1008 1582 in
1020 1544 1136 1582 ven-

208 1591 315 1648 tum
346 1599 466 1648 roris
499 1598 717 1654 flantem.
782 1599 922 1647 Unde
951 1594 1135 1663 optime

208 1663 276 1712 ait
292 1663 487 1714 §antius
504 1662 765 1728 Gregorius
787 1665 834 1712 in
849 1663 952 1728 psal.
966 1678 1009 1726 7.
1033 1678 1134 1726 poe-

209 1729 298 1777 nit.
363 1729 410 1776 Si
435 1728 784 1777 confideremus
821 1728 987 1777 fratres
1019 1730 1133 1776 cha·

211 1790 365 1841 rissimi
381 1826 395 1848 ,
413 1808 515 1857 quae
537 1797 586 1843 &
604 1801 778 1857 quanta
794 1795 894 1841 lunt
909 1827 922 1848 ,
937 1807 1037 1856 quae
1052 1808 1136 1850 no·

209 1859 277 1907 bis
297 1859 647 1920 promittuntur
666 1858 713 1905 in
727 1859 854 1906 coeiis
871 1892 884 1914 ,
903 1857 1134 1905 vilestunt

210 1922 390 1977 omnia,
406 1937 508 1988 quae
530 1924 762 1971 habentur
777 1924 822 1971 in
840 1922 989 1971 terris.
1012 1921 1137 1970 Hinc

208 1987 257 2035 in
282 1988 427 2036 verba
466 1987 570 2057 psal.
607 2002 683 2047 15,
713 1987 1054 2036 &imitationes
1087 1990 1135 2034 in

209 2053 406 2102 dextera
426 2053 523 2114 ejus
541 2049 682 2117 usque
697 2052 742 2100 in
759 2048 904 2101 finem
922 2089 937 2111 ‚
959 2052 1024 2099 ait
1036 2050 1137 2098 Hu-

211 2131 275 2179 go
299 2118 357 2163 de
379 2120 425 2171 S.
441 2116 677 2173 vietore,
714 2119 794 2178 (c)
829 2119 876 2165 in
897 2129 1136 2179 tempora-

210 2181 329 2229 libus
378 2182 512 2231 bonis
564 2179 902 2230 delestariones
947 2183 1134 2245 undem

211 2247 314 2293 lunt
331 2282 342 2302 ‚
369 2247 442 2294 led
468 2261 565 2294 non
590 2244 736 2309 usque
757 2246 802 2294 in
829 2245 1004 2300 finem,
1029 2247 1134 2309 quia

211 2310 259 2356 in
280 2310 368 2359 hfic
385 2308 482 2359 vitri
496 2311 673 2372 {emper
688 2312 911 2374 gaudium
927 2310 1134 2359 nostrum

209 2372 412 2437 sequitur
433 2377 594 2436 dolor,
616 2379 661 2423 δι
684 2376 783 2437 ejus
813 2375 1066 2426 deled'tatio
1086 2391 1132 2423 a·

208 2453 346 2485 maro
378 2436 474 2487 fine
507 2435 820 2500 terminatum
850 2442 901 2490 in
935 2438 1133 2488 dexter-‘51

210 2514 369 2551 autem
413 2505 499 2554 Dei
541 2505 877 2554 dele&ationes
913 2505 1049 2567 usque
1083 2505 1131 2553 in

1193 243 1267 292 dia
1290 244 1338 292 in
1360 257 1639 305 moerorem,
1665 259 1755 294 nec
1774 245 2111 295 deletfflutiones

1191 307 1240 356 in
1275 309 1491 357 dolorem
1534 310 1709 358 mutari
1741 310 1939 372 possunt.
2011 311 2106 357 Hic

1191 386 1364 421 ventus
1373 375 1450 421 ubi
1463 387 1549 422 cor
1560 373 1768 423 nostrum
1788 374 2107 436 aspiranum:

1192 437 1305 486 facit
1319 452 1405 486 nos
1420 453 1525 486 cum
1540 439 1684 515 Paulo
1699 440 1986 491 exclamare:
2009 438 2111 486 Cu-

1193 503 1272 566 pio
1286 501 1533 561 diflolvss&
1544 504 1632 552 effe
1646 519 1755 553 cum
1765 503 1979 563 Christ03
2000 517 2112 552 cum

1191 568 1378 630 Ignatio
1392 570 1523 632 cogit
1536 582 1623 617 nos
1635 568 1775 618 fateri
1802 585 1813 616 ε
1845 567 1954 618 Heu
1967 558 2110 630 quam

1194 633 1351 680 sordet
1373 633 1489 681 mihi
1512 644 1640 681 terra
1664 669 1680 692 ,
1714 648 1824 682 cum
1845 633 2019 683 eoelum
2040 629 2112 680 as·

1190 697 1327 760 picio.
1395 697 1488 745 Hic
1523 710 1695 746 ventus
1731 698 1812 745 ubi
1840 712 1928 746 nos
1955 695 2112 751 afflat,

1191 776 1307 810 mox
1330 761 1469 810 infilit
1489 762 1537 810 in
1561 772 1648 811 nos
1665 762 1866 824 Spiritus
1888 761 2111 819 Domini,

1189 828 1239 874 8<
1257 839 1496 875 mutamur
1514 827 1564 875 in
1577 828 1730 876 virum
1742 827 1887 875 alium
1900 836 1915 882 3
1928 825 2110 875 cunetae

1188 891 1465 952 voluptates
1503 894 1552 939 δε
1582 893 1752 955 gaudia
1787 892 1925 953 hujus
1961 889 2110 939 saculi

1188 967 1470 1020 reputantur
1482 968 1537 1004 ut
1548 953 1847 1019 absynthium
1864 992 1880 1015 ‚
1895 953 2002 1003 sunt
2012 968 2109 1002 me·

1191 1035 1241 1067 ra
1275 1035 1419 1082 poma
1440 1020 1659 1069 Sodomae
1692 1057 1709 1080 ,
1747 1019 1949 1068 existunt
1975 1033 2106 1068 mera

1190 1087 1394 1134 vanitas.
1471 1086 1564 1134 Hic
1592 1096 1765 1132 ventus
1798 1085 1873 1132 ubi
1907 1099 1991 1132 cor
2023 1098 2087 1131 no

1190 1149 1330 1198 strum
1353 1150 1586 1214 tetigerit,
1607 1163 1723 1198 mox
1753 1149 2034 1197 detestamur
2055 1146 2107 1194 fi-

1188 1213 1336 1278 liquas
1360 1229 1642 1278 porcorum,
1666 1219 1715 1263 &
1743 1215 2017 1262 anhelamus
2047 1213 2108 1260 ad

1189 1291 1360 1341 panem
1371 1280 1665 1342 Angelorum
1680 1296 1692 1337 ;
1705 1294 1821 1327 mox
1835 1276 2107 1327 nauseamus

1188 1341 1385 1391 flumina
1415 1343 1667 1404 Babylonis
1698 1376 1713 1397 ,
1749 1347 1799 1391 &
1833 1343 2107 1390 anhelamus

1190 1406 1249 1452 ad
1284 1416 1548 1454 torrentem
1578 1407 1867 1467 voluptatisg
1891 1421 2007 1454 mox
2029 1408 2109 1454 de-

1189 1469 1413 1520 testamur
1424 1485 1617 1518 omnem
1633 1469 1850 1518 nebulam
1865 1475 1912 1518 δι
1924 1470 2106 1518 fflmum

1189 1535 1386 1584 honoris
1408 1570 1422 1595 ‚
1464 1539 1512 1585 Sc
1535 1534 1676 1583 solam
1700 1535 1900 1599 gloriam
1927 1548 2106 1583 concu-

1188 1598 1402 1662 piscimus
1428 1613 1688 1660 aeternam3
1723 1615 1833 1648 nam
1855 1598 1967 1648 teste
1987 1598 2108 1648 Gre-

1187 1665 1326 1727 gorio
1342 1665 1579 1717 :Mentem
1591 1701 1605 1725 ‚
1623 1679 1762 1728 quam
1775 1665 1971 1726 Spiritus
1984 1667 2029 1715 S.
2040 1676 2110 1712 re-

1186 1728 1288 1791 plet
1312 1731 1358 1777 in
1382 1730 1742 1777 amaritudinem
1774 1729 2107 1790 temporalium
2156 1744 2161 1747 “

1188 1795 1236 1840 8<
1260 1793 1628 1845 delectationem
1660 1805 1945 1842 aeternorum
1971 1808 2106 1844 com·
2151 1793 2168 1889 1

1187 1871 1372 1913 movet·
2162 1895 2168 1905 .

1255 1917 1459 1972 Proinde
1478 1913 1706 1973 veriffime
1724 1921 1899 1970 fatetur
1911 1921 2106 1970 Richar·
2165 1923 2168 1925 ’

1187 1989 1273 2036 dus
1285 1988 1563 2037 Vistorinus
1582 1987 1640 2034 de
1651 1985 1921 2035 Pentecoste
1932 1987 2107 2040 dicens:

1188 2053 1410 2103 audad'ter
1428 2051 1612 2101 affirmo
1625 2051 1775 2115 ‚quod
1797 2052 1889 2100 sola
1908 2066 2002 2100 una
2015 2053 2101 2100 hu·
2147 2099 2152 2106 ,

1188 2119 1258 2179 jus
1280 2119 1431 2166 mellis
1456 2117 1569 2164 stilla
1593 2115 1744 2176 potest
1766 2148 1780 2171 ,
1808 2116 1935 2179 quod
1965 2128 2098 2165 totus
2144 2131 2168 2172 a

1190 2185 1392 2231 mundus
1417 2196 1514 2229 non
1535 2180 1701 2244 potest.
2132 2189 2168 2244 ξε

1243 2249 1316 2295 Ad
1330 2259 1376 2295 te
1389 2261 1516 2296 nunc
1532 2246 1632 2292 sunt
1652 2255 1770 2292 vota
1783 2243 1931 2292 nostra
1946 2243 2102 2307 OSpi·

1188 2311 1304 2360 ritus
1342 2308 1631 2359 Sanffiffime
1653 2324 1665 2359 :
1701 2307 1941 2358 Navitulae
1965 2308 2102 2358 instar

1187 2378 1234 2425 in
1256 2375 1414 2425 medio
1443 2375 1611 2422 tumidi
1631 2374 1771 2421 maris
1795 2370 2100 2428 fluctuamus,

1188 2441 1353 2506 agitati
1367 2452 1492 2489 nunc
1505 2430 1531 2486 ὲ
1542 2437 1762 2486 fluetibus
1770 2437 1935 2513 gnundi
1946 2471 1962 2493 ,
1977 2452 2103 2486 nunc

1184 2497 1212 2554 :³1
1226 2519 1366 2555 carne
1385 2502 1570 2568 impulfi
1591 2539 1606 2561 ,
1625 2516 1748 2550 nunc
1765 2515 1791 2549 a
1813 2497 2022 2561 superbia
2042 2502 2101 2549 ad

200 2562 385 2628 finem,
408 2569 514 2633 quia
535 2572 581 2618 in
607 2565 703 2619 vita
725 2567 900 2619 aeternz'i
918 2584 1004 2618 nec
1017 2583 1130 2632 gau-
1183 2570 1395 2634 scopulos
1421 2567 1567 2619 anili:
1606 2566 1835 2630 Mergitur
1865 2562 1988 2614 eheu
2018 2580 2099 2613 nn·

503 2698 582 2760 (a)
652 2696 980 2748 proverbiorum
1014 2700 1149 2763 capite
1180 2713 1257 2758 ²5·

209 2759 314 2824 psal.
364 2777 437 2821 15.

1332 2697 1413 2762 (d)
1459 2692 1551 2759 psa
1594 2708 1701 2756 ιη.
1778 2694 1853 2756 (c)
1898 2643 2162 2807 ⁸⁴:333}

2140 2809 2156 2868 ε

2144 2918 2153 2940 <

2133 2944 2168 3005 Ἰ.
