2198 3005
93 194 304 214 Μ

543 124 688 178 DED.
737 126 779 174 S.
815 122 1036 174 MARrAE
1083 124 1516 185 ANGELORuw

1872 141 1983 182 231²

1589 192 1976 217 ...ιιι-μ...

99 227 147 290 in
183 241 278 288 quo
313 225 443 288 (uper
488 225 714 272 carbones
757 225 1012 287 denigratae
1063 237 1466 288 maepeccatorum
1491 229 1798 276 redderentur
1816 230 1979 278 candi-·

96 302 400 352 peccatorum
413 289 580 337 animae
605 289 734 350 {uper
753 290 912 337 nivern
933 290 1012 336 de-

91 354 309 404 albantur
323 354 370 399 in
384 350 406 397 s
405 354 606 415 anguine
625 353 821 402 Christi.-

153 417 202 464 (J
224 415 523 474 Port'iuncuIa
545 417 714 464 domus
734 417 845 464 felix
869 417 881 463 2
927 415 1003 462 ubi

84 483 210 540 intra
225 491 396 543 paucos
407 481 687 542 quadrantes
704 480 880 530 sundiae
891 494 1003 527 con-

93 543 241 593 traEia
255 545 411 592 debita
432 538 632 607 benigne
646 546 966 592 remittuntur.

116 616 122 619 “
152 608 199 655 Ο
223 609 450 657 Sacellum
473 610 673 656 iacrum!
710 609 785 655 ubi
807 621 865 656 ex
895 606 1000 655 filiis

91 673 344 737 gehennae,
359 673 600 720 evadimus
624 669 706 720 filii
723 672 825 720 Dei.

107 739 113 742 ’
151 735 429 784 Osacenum
454 739 644 785 beatum
671 739 729 784 ad
764 736 894 795 cujus
925 734 1003 785 vel

86 799 232 848 solum
245 814 422 847 nomen
443 803 697 848 tremscunt
708 799 865 848 inferi!

152 863 426 911 Oiacellurn
450 866 670 926 parvum!
705 864 913 910 maximo
936 874 1003 909 ta-

87 926 168 974 me
180 925 441 973 Salomonis
455 929 634 990 templo
647 944 705 974 an
713 940 916 988 teponen
924 928 1000 977 du.

73 1052 77 1055 Ι
115 988 433 1100 stVerehodie
453 992 562 1039 salus
577 993 736 1041 domui
756 992 864 1038 huic
883 991 1004 1038 faeta

84 1067 112 1101 e
294 1081 297 1083 .

157 1116 323 1163 Manet
335 1131 448 1180 ergo
460 1118 509 1163 O
524 1118 763 1169 Salomon.
809 1117 879 1164 Da
895 1116 1006 1162 huic

89 1179 289 1234 Locum,
769 1211 772 1214 »

156 1247 261 1291 AA.
293 1243 429 1288 restat
465 1243 617 1289 adhuc
661 1241 792 1288 nobis
817 1242 1006 1303 quaestio

90 1310 301 1370 quaedam
349 1306 618 1354 resolvenda
653 1309 700 1352 &
734 1306 1003 1356 enodanda:

91 1373 235 1428 dicite
256 1369 468 1422 obsecro,
496 1385 596 1432 quae
616 1370 746 1416 causa
770 1369 1002 1418 Christum

86 1435 346 1496 impulerit,
363 1446 411 1478 ut
429 1436 509 1480 has
526 1432 836 1494 induigentias
849 1436 1002 1478 fecun-

86 1500 156 1546 dae
195 1499 285 1544 diei
311 1496 499 1557 Augusti
537 1494 766 1546 affixerit,
794 1489 822 1542 ὲ
843 1498 1002 1557 primis

88 1563 310 1609 nimirum
337 1559 532 1620 vesperis
568 1559 661 1621 usq3
694 1560 751 1604 ad
784 1561 1001 1608 lecundas

87 1619 339 1677 inclusive?

152 1689 283 1736 Oiim
298 1685 484 1746 quidem
499 1682 692 1731 Genesis
714 1701 758 1736 2.
776 1684 902 1731 Deus
921 1685 998 1732 be-

84 1751 266 1800 nedixit
287 1750 375 1794 diei
402 1749 597 1810 septimo
618 1783 633 1805 ‚
665 1763 789 1796 nunc
809 1749 995 1797 benedi-

82 1817 164 1863 xit·
187 1814 392 1861 secundae
415 1814 503 1859 diei
524 1812 727 1872 Augusti.

152 1876 435 1925 Execrabilis
460 1877 559 1923 haec
579 1877 674 1922 dies
697 1887 820 1932 erat,
846 1888 1000 1940 atroq;

84 1942 265 1991 calculo
297 1953 463 1987 notata
484 1942 603 2003 apud
627 1940 897 1998 Romanos,
921 1939 1000 1989 εὖ·

85 2006 215 2069 quod
233 2005 320 2052 hae
341 2006 415 2052 die
429 2006 484 2050 ad
511 2005 700 2051 Cannas
719 2006 774 2052 ab
789 2006 997 2052 Haniba-

86 2072 128 2119 le
141 2072 236 2117 duo
256 2070 448 2117 maximi
466 2069 789 2116 Romanorum
815 2070 999 2116 Exerci-

89 2149 166 2182 tus
185 2131 285 2181 caefi
304 2166 316 2187 ,
344 2148 395 2179 ac
416 2135 461 2179 in
497 2133 812 2180 testimonium
836 2134 1001 2181 Viuo-

87 2201 166 2246 riae
201 2209 296 2243 tres
345 2198 486 2256 modji
524 2211 771 2243 aureorum
807 2200 1000 2244 annulo-

89 2276 215 2315 rum,
238 2275 356 2322 quos
369 2275 426 2305 ex
441 2263 590 2322 praeda
603 2256 628 2308 ὲ
643 2262 856 2308 manibus
868 2262 1000 2325 Equi-

91 2339 192 2372 tum
240 2329 287 2370 δέ
343 2325 620 2370 Senatorum
671 2326 999 2382 detraxerant,

93 2388 435 2448 Carthaginem
449 2388 538 2434 fint
552 2389 680 2444 misti,
694 2390 760 2435 uti
777 2391 914 2435 reiert
928 2393 1002 2436 Sa-

94 2453 310 2500 lianusad
334 2467 510 2498 annum
538 2452 715 2498 Mundi,
741 2465 880 2513 3833.
905 2454 1005 2500 Cur

97 2530 194 2564 non
207 2516 517 2564 determinata
541 2509 565 2561 ἃ
589 2515 796 2561 Domino
812 2518 1004 2564 candida

99 2575 261 2639 quinta
275 2579 370 2623 dies
383 2579 573 2640 Augusti
592 2578 765 2624 Festum
787 2579 1003 2628 nimirum

98 2641 256 2688 Mariae
279 2641 334 2687 ad
357 2643 513 2697 nives,
538 2657 631 2704 quo
646 2644 897 2705 denigratae
909 2646 998 2693 ani·

237 2704 310 2765 (a)
345 2711 516 2768 Apoc.c.
534 2721 607 2761 13.

1062 291 1215 336 diores
1228 289 1353 343 nive,
1364 290 1606 339 nitidiores
1619 292 1975 348 ladkessubicun-

1061 354 1215 400 diores
1244 353 1387 416 ebore
1409 354 1622 417 antiquo,
1637 357 1849 420 Saphyro
1868 358 1973 420 pul-

1061 417 1286 468 chriores.
1882 450 1886 458 ,

1118 484 1217 527 Aut
1239 495 1321 527 cur
1355 480 1497 526 Sexta
1533 479 1630 526 dies
1648 479 1976 548 Transfigurass

1054 545 1195 591 rionis
1208 543 1401 590 Domini
1414 559 1509 591 non
1523 543 1794 603 estindi&a‚
1812 560 1866 594 ut
1885 550 1970 596 mi·

1053 607 1133 654 seri
1159 611 1204 655 ὃ(
1231 607 1385 655 infeiic
1463 620 1732 669 peccatores
1748 611 1970 669 jumentis

1057 671 1375 734 infipientibus
1429 671 1578 718 lmiies
1611 670 1752 726 faeti,
1783 673 1970 734 Metha-

1057 734 1298 795 morphofi
1324 731 1442 782 sacra
1475 737 1645 783 iterum
1671 737 1720 783 in
1744 738 1973 800 imagines

1058 800 1142 847 Dei
1168 794 1614 861 transfigurarentur
1645 815 1700 847 ac
1728 802 1991 853 charadkem

1056 864 1206 911 bestiae
1228 863 1374 910 inillis
1396 862 1642 910 deleretur.
1664 867 1751 924 (a)

1120 927 1378 972 Videamus
1402 938 1560 973 utrum
1592 928 1858 988 mysterium
1891 942 1972 989 pe·

1057 1004 1317 1045 netrernus,
1337 1005 1432 1036 non
1453 991 1578 1036 enim
1597 990 1691 1038 fine
1718 994 1847 1040 causa
1871 994 1974 1043 baec

1058 1055 1154 1100 dies
1168 1055 1476 1108 determinata
1491 1054 1549 1100 est
1571 1048 1598 1099 ἒ.
1616 1056 1840 1108 Domino,
1858 1091 1862 1105 1

1059 1118 1254 1170 Scimus,
1278 1128 1573 1177 peccatorem
1597 1132 1678 1178 per
1699 1121 1827 1167 varia
1840 1121 1975 1183 Sym-1

1059 1181 1164 1227 bola
1181 1178 1205 1226 fi
1225 1181 1297 1233 SS,
1312 1179 1522 1227 Patribus
1544 1182 1676 1227 nobis
1700 1183 1787 1233 esse
1807 1188 1969 1233 adurn-

1059 1246 1279 1295 bratum:
1330 1241 1496 1301 Misero
1529 1244 1594 1291 illi
1628 1246 1889 1310 Paralytico
1910 1250 1972 1296 ad

1059 1309 1274 1371 piscinam
1296 1309 1587 1370 probaticam
1604 1308 1776 1358 sedenti
1806 1313 1971 1374 trigin-

1058 1376 1164 1420 ta&
1185 1373 1298 1428 ouo
1321 1388 1466 1419 annos
1489 1374 1679 1423 habenti
1701 1376 1746 1422 in
1774 1371 1971 1424 infirmi·

1057 1447 1156 1481 tate
1181 1435 1253 1480 sua
1279 1437 1386 1493 (cui
1409 1436 1558 1482 nullus
1590 1438 1741 1485 homo
1779 1441 1969 1503 aderat,

1057 1499 1253 1561 quieum
1280 1497 1325 1543 in
1353 1499 1568 1558 piscinam
1592 1501 1804 1554 mitteret
1825 1536 1839 1557 ‚
1860 1519 1969 1552 curn

1055 1564 1111 1607 ab
1123 1559 1308 1623 Angelo
1321 1562 1594 1610 moveretur
1610 1568 1759 1628 aqua)
1775 1580 1970 1630 compa·

1053 1627 1179 1673 ravit
1221 1637 1524 1687 peccatorum
1568 1627 1896 1678 Bonaventura
1920 1635 1969 1680 &

1053 1689 1253 1736 Toletus
1274 1688 1320 1734 in
1339 1703 1377 1735 c.
1395 1710 1436 1751 5.
1457 1689 1588 1748 Joan.
1636 1693 1968 1757 Qatriduano

1052 1753 1234 1800 Lazaro
1255 1765 1447 1800 mortuo
1469 1757 1517 1802 &
1541 1753 1728 1805 foetenti
1750 1760 1964 1808 assimila-

1053 1819 1125 1864 vit
1146 1832 1252 1864 cum
1269 1817 1458 1880 August.
1479 1815 1608 1869 serm.
1630 1836 1707 1884 44.
1737 1822 1794 1869 de
1815 1825 1968 1871 verbis

1056 1881 1479 1938 Domini‚Thomas
1490 1883 1545 1929 de
1558 1883 1668 1931 vilia
1682 1900 1809 1933 nova
1826 1889 1906 1937 (er.
1921 1893 1966 1939 6.

1055 1945 1153 2009 post
1176 1946 1354 1998 domin.
1382 1948 1604 2009 quadrag.
1626 1949 1798 2001 dicens.
1825 1951 1968 1999 Laza-

1055 2025 1131 2057 rus
1145 2010 1478 2072 quatriduanus
1494 2011 1681 2059 foetidus
1693 2017 1740 2063 8<
1763 2015 1968 2080 sepultus

1053 2074 1311 2136 peccatoris
1325 2087 1489 2137 typum
1513 2077 1649 2137 gerit.
1884 2131 1886 2133 ,

1118 2139 1320 2199 prodigo
1343 2138 1644 2199 aequiparavit
1664 2155 1769 2188 eum
1795 2141 1967 2203 Phiiip-

1056 2216 1139 2262 pus
1154 2201 1366 2264 Bosquier
1382 2203 1428 2247 in
1454 2204 1530 2249 suo
1556 2204 1837 2268 Evangelico
1859 2220 1968 2265 pro·

1057 2268 1181 2328 digo,
1194 2278 1363 2326 utpote
1376 2266 1451 2327 qui
1464 2266 1618 2327 L-ucae.
1641 2272 1712 2320 18.
1727 2270 1967 2331 profectius

1057 2331 1116 2375 est
1143 2331 1187 2376 in
1207 2330 1448 2390 regionem
1477 2332 1805 2395 longinquam,
1836 2336 1965 2382 &ibi

1059 2395 1287 2454 dissipavit
1303 2394 1588 2442 substantiam
1613 2398 1733 2443 [uam
1757 2398 1966 2446 vivendo

1058 2450 1303 2513 luxuriose,
1318 2458 1468 2504 donec
1487 2459 1678 2507 coaetus
1692 2461 1752 2508 est
1765 2463 1962 2510 immun-

1058 2522 1141 2568 dos
1152 2521 1330 2577 paicere
1343 2536 1526 2580 porcos,

1123 2582 1295 2630 Infelici
1319 2588 1366 2631 ὅ(
1398 2585 1561 2633 misero
1582 2586 1816 2635 Sambsoni
1840 2621 1854 2642 ,
1891 2591 1965 2636 cui

1059 2660 1198 2710 capto
1213 2647 1375 2756 oeulos
1397 2663 1509 2696 mox
1523 2664 1745 2700 eruerunt
1755 2653 1965 2700 Philistaei

1264 2710 1275 2723 ¹
1291 2725 1316 2758 c
1714 2731 1718 2736 ·
1841 2718 1964 2763 acad
