2223 3000
216 225 452 287 ,imparem
484 222 640 273 censet
673 228 900 288 magnum
929 228 1041 280 illud
1061 228 1149 279 flu-

219 305 335 338 -men
362 291 643 354 eloquentia
663 289 1011 353 Hieronymus,
1036 294 1148 357 quid

223 355 512 416 condignum
533 353 753 420 loquetur
775 354 934 418 lingua
946 370 1050 407 mea
1064 358 1149 406 bo·

221 418 327 465 nori
342 417 413 465 SS.
427 420 759 483 imperatricis,
782 435 887 483 qux
896 422 1056 472 multis
1072 437 1151 486 pa-

224 481 427 545 rasangis
437 484 627 531 Paulam
646 484 1020 547 supergreditur?

289 546 445 594 Fuerit
460 548 597 596 Paula
611 548 776 596 nobilis
793 563 964 609 genere
975 585 990 608 ,
1003 549 1152 598 Patri-

221 612 287 660 tia
301 612 530 668 Romana,
543 613 736 660 Soboles
747 611 1068 671 Grachorum,
1083 614 1154 662 uti

223 692 329 729 eam
342 677 554 725 intitulat
570 678 1156 740 Hieronymus,splendore

221 753 381 790 tamen
405 743 590 804 generis
622 735 872 804 plurimum
908 743 984 791 illa
1016 745 1154 792 edere

224 806 414 867 cogitur
427 807 747 870 Chunegundi
767 808 988 857 Palatina:
999 810 1151 857 Rheni

218 874 267 921 &
285 871 508 928 Mosellae,
535 885 778 921 coronatae
791 874 985 938 Reginae
999 878 1046 923 ὃ(
1063 876 1151 924 lm-

217 938 437 1003 peratrici
452 938 795 992 Romanorum.

282 1001 438 1050 Fuerit
453 1003 592 1050 Paula
618 1002 729 1050 felix
750 1000 887 1051 nacta
902 1003 1151 1052 Matrimo-

218 1068 378 1125 nium,
407 1078 579 1131 utpote
607 1068 767 1129 juneoe
788 1067 1007 1116 Toxotio
1028 1068 1150 1115 Viro

217 1133 345 1181 inter
367 1131 614 1181 Romanos
637 1131 932 1181 Nobiliffimo
954 1147 966 1184 ε
1000 1132 1152 1179 Nobi-

221 1198 391 1246 liorem
415 1190 560 1262 longe*
573 1197 914 1261 Cbunegundis
929 1194 1154 1245 consecu-

221 1275 272 1311 ta
298 1263 360 1310 est
373 1262 642 1328 Coniugem
654 1263 915 1310 Henricum
928 1261 1152 1311 Sanctum

220 1327 355 1377 fimul
370 1331 415 1377 &
431 1329 807 1377 Potentiffimum
822 1325 1070 1375 Caesarem.

286 1394 528 1457 Pepererit
559 1393 698 1443 Paula
731 1394 947 1440 Toxotio
989 1391 1153 1438 Matri-

221 1459 371 1506 monii
388 1459 594 1519 quinque
606 1455 801 1504 nobiliffi
808 1469 907 1503 mos
920 1452 1152 1507 flosculos,

219 1521 447 1584 Blefillam
465 1557 479 1580 ,
510 1522 784 1577 Paulinam,
825 1519 1123 1566 Eustochium
1139 1551 1152 1573 ‚

223 1587 465 1644 Ruffinam
506 1590 555 1634 &
591 1586 825 1644 Juvenem
861 1583 1157 1633 Toxotium:

221 1658 291 1704 At
306 1647 532 1700 infinities
558 1650 660 1713 plus
676 1649 1051 1711 Chunegundem
1075 1660 1154 1693 ex·

220 1731 365 1770 ,ornat
376 1717 566 1763 Thorus
581 1713 910 1762 immaculatus
923 1745 937 1768 ,
952 1716 997 1759 &
1011 1710 1153 1774 virgi-

221 1784 340 1832 nalis
358 1782 531 1845 puritas
547 1781 604 1827 ad
617 1791 826 1827 mortem
839 1776 915 1842 usq
923 1791 980 1824 ue
1000 1777 1048 1824 in
1061 1790 1155 1824 ma·

224 1847 458 1904 trimonio
482 1846 771 1902 conservata,

303 1912 578 1961 Extruxerit
615 1910 758 1958 Paula
804 1908 936 1969 quta
967 1903 1156 1952 Bethle-

226 1984 335 2029 hem
370 1979 460 2025 tria
492 1978 679 2023 Sacrata
702 1975 806 2025 Deo
842 1969 1155 2027 Ascetoriola3

229 2045 340 2111 quid
363 2044 461 2092 baec
493 2042 551 2088 ad
575 2033 849 2104 magnificas
873 2035 1085 2083 Basilicas
1109 2038 1156 2082 ὃ(

229 2108 441 2172 integros
465 2105 790 2169 Episcopatus,
825 2116 943 2164 quos
964 2114 1023 2148 ex
1045 2100 1160 2172 dote

230 2177 304 2224 sua
332 2207 345 2229 ,
397 2172 543 2232 Regia
588 2163 915 2220 munificentia
949 2176 1161 2214 extruxit

233 2237 610 2313 chunegundis?

276 2344 278 2347 .
300 2306 457 2352 Fuerit
481 2301 623 2349 Paula
645 2337 662 2359 ,
707 2300 822 2348 teste
844 2298 1160 2358 Hieronymo,

235 2382 408 2432 potens
422 2367 662 2429 quondam
676 2366 724 2413 in
738 2359 1009 2420 divitiis,sed
1023 2359 1167 2407 Chri·

235 2437 284 2483 sti
303 2426 593 2496 postmodum
618 2442 894 2493 paupertate
908 2424 1154 2486 infignior3

237 2512 447 2548 attamen
474 2499 517 2542 ὃ(
536 2495 611 2542 hie
635 2496 850 2543 omnium
871 2492 1044 2553 judicio
1071 2487 1167 2549 pal-

976 133 1056 183 m
1116 134 1387 184 PESTG

1201 232 1867 304 mund1‚&omneml'omp2m

1203 307 1311 358 pter
1323 291 1742 355 amorempbmini
1755 304 1952 344 centem

1260 344 1473 409 ‘Any-non
1504 353 1620 422 ergo
1648 352 1805 421 justius
1828 358 1947 407 Hier

1204 424 1467 472 exclamare
1480 422 1924 498 ΡοΠικτιὸιόὶι-ακί
1949 425 2001 474 si
2081 442 2133 474 n-

1203 487 1280 540 &a
1301 492 1517 548 corporis
1539 489 1633 548 mei
1656 486 1867 549 membra
1889 439 2132 553 mgn-

1207 566 1285 601 tut
1299 555 1345 600 in
1361 554 1539 615 linguas
1550 586 1566 608 ,
1581 556 1627 602 8<
1639 567 1808 601 omnes
1821 558 1952 602 artus
1962 547 2133 603 liuma-

1209 615 1269 664 na
1297 632 1416 664 voce
1449 617 1719 665 resonarent
1742 653 1756 675 ,
1801 616 1912 664 nihil
1933 617 2134 682 dignum

1206 682 1502 731 Sanfflssimae
1516 681 1858 744 Chunegundis
1880 682 2136 731 virtutibus

1208 748 1438 795 dicerem:
1477 746 1609 811 Qid
1631 749 1758 794 enim
1771 747 2063 810 condignum
2075 748 2137 795 de

1207 827 1260 861 ea
1276 814 1428 875 eloqui
1445 813 1646 874 potero?
1681 828 1739 859 an
1762 809 1982 869 allex-ere,
2005 813 2138 875 quod

1205 891 1334 925 rarus
1350 877 1619 925 &insolitus
1634 876 1836 924 Phoenix
1847 875 2137 924 suiextiterit

1202 942 1385 992 saeculi?
1419 958 1478 989 an
1501 940 1796 989 observatam
1824 942 1871 989 in
1890 942 2136 990 matrimo-

1203 1006 1285 1054 nio
1299 1005 1595 1067 Virginalem
1615 1006 1939 1068 integritatem
1962 1008 2139 1058 incom-

1203 1069 1385 1118 bustum
1411 1069 1598 1116 Rubum
1628 1070 1804 1132 Moylis
1827 1081 1935 1117 ea‘m
1955 1071 2139 1131 procla·

1206 1136 1366 1183 mare?
1388 1149 1446 1180 an
1459 1135 1723 1183 amoroium
1739 1131 2007 1181 Pelica'num
2016 1147 2140 1194 -erga

1206 1211 1436 1262 pauperes
1455 1199 1501 1243 &
1516 1211 1692 1260 egenos
1706 1198 1876 1255 dicere,
1889 1187 1913 1244 ἶι
1924 1199 2054 1257 cujus
2065 1197 2137 1245 ka-

1207 1265 1278 1313 cie
1296 1276 1540 1324 nunquam
1574 1275 1726 1308 vacuo
1753 1260 1853 1308 sinu
1876 1276 2052 1325 pauper
2075 1262 2140 1309 est

1207 1326 1462 1389 regreilus?

1254 1396 1331 1440 An
1346 1390 1579 1451 Angelum
1595 1389 1856 1437 terrestrem
1871 1390 2138 1439 nominare?

1209 1466 1380 1515 utpote
1391 1455 1552 1515 quaein
1564 1456 1698 1499 terris
1711 1456 1967 1515 puritatem
1982 1459 2140 1516 Ange-

1209 1520 1366 1568 lorum
1381 1517 1442 1565 est
1454 1517 1633 1566 imitata
1648 1530 1661 1571 ;
1676 1519 1717 1561 in
1731 1530 1858 1561 carne
1868 1523 1974 1566 enlm
1982 1530 2141 1582 praeter

1208 1596 1374 1630 carnem
1398 1583 1549 1628 vivere
1560 1580 1640 1624 n'on
1661 1581 1935 1626 terrenavita
1955 1581 2012 1637 efi
2028 1617 2044 1639 ,
2056 1579 2140 1643 sed

1207 1644 1474 1705 coeleflis,ait
1487 1642 1805 1705 Chrylologus
1819 1642 2142 1703 lerm.143.an

1208 1723 1484 1772 comparare
1495 1706 1761 1769 eamOpalo
1772 1721 1973 1767 gemmae
1985 1709 2014 1754 il
2022 1710 2049 1754 li
2064 1715 2142 1761 60.

1208 1774 1629 1840 pulchritudinum,
1646 1771 1827 1818 utieam
1841 1785 1985 1819 vocat
2000 1771 2141 1820 {fido-

1208 1855 1288 1889 rus
1301 1875 1314 1898 ,
1341 1839 1415 1901 (a)
1433 1839 1478 1884 in
1492 1853 1582 1900 qua
1597 1852 1688 1883 una
1704 1836 1917 1882 omnium
1943 1837 2141 1884 aliarum

1209 1919 1508 1969 gemmarum
1576 1901 1739 1963 gratiae
1807 1899 2104 1960 resplendent
2126 1902 2145 1948 ἓ

1211 1969 1437 2035 quidquid
1454 1971 1624 2015 horum
1637 1967 1803 2013 dixero
1815 1964 1904 2021 ‚nil
1918 1966 2049 2029 supra
2062 1979 2142 2017 ve-

1215 2052 1320 2084 rum
1346 2031 1604 2080 affirmabo,

1259 2099 1430 2148 Extitit
1445 2094 1914 2158 enimChunegundis
1929 2096 2051 2142 inter
2062 2094 2143 2142 ad-

1216 2164 1345 2214 versa
1359 2162 1525 2210 lolidus
1540 2171 1586 2210 δὲ
1611 2161 1904 2208 indomablis
1921 2162 2144 2206 Adamas:

1279 2230 1358 2277 Ob
1376 2228 1698 2289 virginitatem
1721 2226 2143 2272 incontaminatam

1216 2296 1421 2344 candens
1437 2299 1482 2341 ἃ(
1500 2292 1648 2339 nitida
1665 2291 1930 2351 Margarita.

1282 2359 1360 2406 Ob
1385 2359 1621 2406 virtutum
1648 2353 1938 2415 splendorem
1958 2349 2142 2399 radians

1219 2423 1471 2486 Topazius,

1284 2490 1363 2535 Ob
1385 2482 1844 2546 contemplationem
1867 2482 1914 2527 &
1931 2492 2142 2527 terreno-

240 2579 367 2612 uiam
382 2560 698 2621 Chunegundi
711 2559 875 2606 cedere
888 2556 1170 2613 cogiturmtr
1222 2568 1327 2601 rum
1349 2549 1696 2615 despicientiam
1718 2546 1947 2595 coeruleus
1966 2546 2147 2616 Sapizy-

241 2641 356 2692 pote
383 2639 483 2688 qua:
516 2625 559 2671 in
586 2625 651 2669 rei
680 2627 878 2671 veritate
897 2656 913 2680 ,
948 2618 1171 2681 Regnum
1222 2631 1317 2667 rus.

386 2759 456 2821 (a)
495 2751 667 2818 [fidorus
680 2752 727 2799 de
738 2750 929 2817 gemmis.

2064 2648 2172 2720 ου’
