2198 3005
456 135 501 188 S.
537 114 765 196 ANNAE,
801 130 1039 184 MATRIS
1077 131 1436 184 GENzTRicis
1470 102 1588 186 mii.

95 245 191 279 tem
215 233 338 281 hanc
360 234 545 292 allexit,
578 226 781 299 tumque
801 235 1006 295 aliquan-

0 307 2 311 ’
81 297 149 349 do
162 298 340 346 morbo
351 311 572 361 gravatus
593 299 653 347 ad
675 313 888 347 extrema
903 311 1007 348 ten-

0 361 23 390 -“
83 363 216 408 deret
231 398 248 422 ‚
287 378 345 419 ae
363 363 607 412 familiares
623 367 667 411 Sc
680 366 814 411 amici
828 361 1004 413 lecturn

82 425 489 483 circumsisterent,
528 429 740 476 infirmus
763 429 1004 491 resumptis

0 539 3 544 ,
81 489 257 538 viribus
280 506 400 541 voce
424 492 514 557 qua
538 508 750 557 poterat,
771 492 1004 543 exclama-

81 554 154 601 vit
168 588 184 610 ,
214 558 434 613 recedite,
452 562 658 607 recedite
670 592 684 614 ,
700 561 808 607 date
822 558 1003 617 locum3

2 623 4 625 ’
81 633 192 667 ecce
222 623 354 669 venit
390 623 676 673 Sanffiffima
713 624 864 674 Mater
899 638 1002 671 mea

81 686 221 734 Anna
255 688 362 737 cum
393 688 505 736 Filia
539 686 794 739 dulciffima
825 688 1003 745 Maria,

44 794 50 800 ,
81 749 190 795 date
224 750 383 801 locum
410 755 710 804 venientibus
739 770 754 817 5
803 744 1006 816 cumque

80 811 256 861 lectulo
282 820 506 867 mortuali
539 816 1005 888 appropinquassent,

76 878 143 926 ait
167 880 312 929 Maria
336 884 393 931 ad
418 899 526 931 eum
549 900 559 935 :
596 885 732 932 Salve
756 884 819 932 mi
844 883 1005 933 Frater

78 943 366 994 dilefflssime
391 981 405 1003 ‚
451 949 524 996 cui
555 945 771 997 infirmus
802 947 834 997 ὃ
860 948 1005 996 Maria

77 1022 177 1056 non
205 1008 303 1058 sum
331 1014 499 1075 dignus
520 1014 611 1061 di'ci
626 1011 779 1061 Frater
796 1025 928 1066 tuus:
957 1014 1004 1062 δί

79 1072 250 1128 Maria,
278 1075 310 1121 fi
333 1079 472 1125 Anna
485 1078 639 1126 Mater
661 1092 791 1132 mea,
830 1078 877 1124 in
900 1091 1001 1129 cor-

79 1137 139 1184 de
175 1150 261 1185 tuo
306 1139 482 1202 semper
518 1143 600 1192 tibi
639 1141 811 1191 diledta
849 1141 1003 1189 Mater

77 1199 196 1257 fuit,
218 1217 331 1266 ergo
345 1205 504 1254 frater
522 1220 655 1254 meus
679 1217 752 1261 eS,
773 1208 1001 1253 &omnes

79 1266 259 1315 devote
289 1283 391 1315 earn
430 1269 641 1317 colentes
678 1267 844 1319 fratres
865 1271 914 1319 ὅτ
935 1269 1003 1320 10-

73 1343 202 1378 rores
214 1347 330 1380 meae
345 1332 471 1393 sunt;
507 1349 566 1382 en
588 1333 801 1381 adsumus
822 1334 917 1396 jam
929 1348 1001 1381 re-

76 1394 289 1443 seraturae
312 1397 395 1444 tibi
417 1400 607 1458 januam
636 1398 773 1455 coefi,
796 1399 904 1447 veni
920 1412 1001 1444 co-

74 1461 315 1509 ronaberis
335 1494 349 1515 ‚
384 1464 548 1524 quibus
572 1463 708 1511 dicitis
740 1475 857 1508 mox
876 1475 1001 1524 aeger

76 1522 124 1569 in
149 1538 315 1571 manus
338 1523 545 1588 Virginis
576 1527 783 1574 animam
812 1528 1001 1575 exhala-

73 1587 159 1639 vit.
225 1589 272 1635 O
301 1587 412 1638 felix
447 1590 684 1639 servitium
713 1604 811 1637 tam
832 1588 1000 1654 grandi-

73 1648 308 1701 beneficio
334 1654 763 1715 recompensatum!
945 1707 950 1715 Ι

140 1719 283 1779 Agite
303 1732 419 1780 ergo
437 1722 538 1767 AA:
565 1722 611 1767 ὃ(
629 1719 851 1773 animitus
863 1717 998 1769 Aviae

74 1779 328 1832 salvatoris
343 1784 740 1844 congratulamini
761 1782 996 1833 excellen-

75 1849 191 1895 tiam
217 1848 265 1894 ὃ(
289 1845 501 1894 favorem
521 1880 536 1903 ,
569 1864 662 1911 quo
685 1848 812 1898 illam
825 1846 996 1898 Altiffi-

74 1926 179 1960 mus
192 1910 480 1973 estdignatus
494 1945 508 1967 ,
521 1927 574 1977 ut
589 1909 726 1965 fieret
740 1915 890 1962 Mater
900 1913 997 1965 Res:

71 1978 191 2040 gina».
209 1976 454 2031 coelorum,
470 1980 638 2042 tottjue
649 1977 846 2028 millenis
859 1978 993 2026 annis

74 2042 339 2103 deperditas
374 2042 529 2089 claves
551 2043 780 2091 coelorum
805 2044 993 2107 perdito

75 2107 234 2168 generi
257 2107 466 2153 humano
492 2108 806 2169 depromeret.

141 2172 213 2216 Ad
233 2171 323 2216 hoc
335 2174 533 2220 cunstos
555 2167 809 2220 suaviffime
820 2172 992 2220 adhor-

74 2244 207 2282 tatur
246 2234 568 2282 devotiffimus
611 2238 765 2284 Abbas
795 2237 991 2283 Trithe-

76 2299 195 2346 mius
217 2312 317 2359 cap.
335 2311 375 2352 3.
398 2301 454 2347 de
473 2300 686 2362 laudibus
707 2301 749 2350 S.
764 2302 914 2347 Annae
936 2301 993 2347 ad

76 2362 218 2409 finem
256 2363 447 2413 dicens:
513 2365 624 2412 Eam
664 2378 778 2426 ergo
814 2363 993 2411 Fratres

74 2425 320 2475 charissimi
344 2430 476 2476 nobis
509 2429 556 2475 in
585 2430 887 2475 Advocatam
913 2428 992 2478 eli·

74 2506 236 2553 gamus
249 2523 263 2544 ,
297 2506 351 2537 ac
361 2485 571 2552 quotidie
585 2504 867 2540 venerantes
882 2507 992 2541 con·

75 2557 228 2616 dignis
248 2555 455 2605 laudibus
475 2558 790 2614 honoremus;
828 2555 991 2603 Hono-

72 2632 179 2665 rent
199 2633 303 2665 eam
332 2621 567 2684 conjugati
597 2657 611 2678 ‚
649 2622 757 2682 quia
779 2618 991 2667 {anetissi-

69 2697 153 2733 mo
186 2693 321 2746 partu
354 2687 432 2735 luo
471 2686 743 2749 conjugium
780 2684 990 2733 Domino

1876 136 1904 187 ’τ
1914 142 1976 197 93

1059 235 1372 287 conieci-avit,
1399 239 1687 285 cuiMatrem
1710 236 1804 284 fine
1823 250 1981 283 macu-

1056 297 1101 347 la
1126 298 1333 360 peperit:
1375 298 1595 350 Laudent
1623 316 1726 350 earn
1748 299 1901 364 viduae
1930 304 1980 350 &

1056 362 1356 411 continentes
1368 395 1385 420 ,
1409 364 1517 428 quia
1536 381 1753 414 normam
1766 365 1855 414 illis
1866 365 1983 430 con-

1058 427 1270 479 tinentiae
1283 427 1606 493 praefignavit:
1643 431 1853 494 Diligant
1873 446 1980 482 eam

1055 490 1278 554 Virgines
1289 532 1301 551 ,
1324 494 1430 558 quia
1444 507 1589 545 tantae
1604 493 1859 544 sanffltatis
1872 496 1982 546 Vir-

1054 558 1214 621 ginem
1239 559 1419 621 peperit
1439 593 1454 615 ‚
1500 553 1592 626 qufi
1616 559 1743 609 nulla
1771 573 1978 625 unquam

1046 622 1253 678 ,sanetiot
1293 622 1467 674 effulfit
1501 640 1514 675 t
1573 624 1829 674 Honorent
1873 641 1978 675 eam

1055 687 1163 751 Justi
1185 721 1201 744 ,
1236 690 1460 752 quoniam
1495 689 1584 737 illis
1612 685 1688 741 sua
1713 689 1982 739 sanctiffimii

1054 754 1274 803 converffi
1281 755 1413 802 tione
1424 754 1601 815 justitiae
1613 755 1819 820 regulam
1832 755 1982 805 osten·

1057 818 1163 868 dit:
1222 818 1524 867 Venerentur
1552 835 1655 868 eam
1685 821 1980 878 Peccatores,

1057 882 1164 947 quia
1184 881 1387 933 Matrem
1416 882 1537 933 illius
1563 885 1747 949 peperit
1765 920 1780 943 ‚
1813 887 1889 948 qui
1921 900 1984 934 ex

1058 948 1383 1009 peccatoribus
1416 947 1556 1011 justos
1580 947 1725 1008 facit;
1764 950 1932 999 Nullus
1951 944 1982 998 ἓι

1055 1011 1267 1060 laudibus
1279 1013 1376 1072 ejus
1389 1023 1592 1077 torpeat,
1609 1014 1764 1063 nullus
1777 1017 1834 1062 ab
1846 1029 1978 1063 amo-

1054 1090 1106 1124 re
1130 1076 1227 1134 ejus
1248 1075 1468 1133 deficiat,
1506 1077 1660 1126 nullus
1681 1078 1870 1128 incultu
1883 1081 1980 1139 ejus

1055 1138 1238 1201 tepidus
1256 1138 1368 1199 fiat3
1404 1138 1585 1192 Omnes
1600 1152 1653 1192 ut
1673 1156 1980 1193 communem

1055 1203 1260 1254 Matrem
1283 1205 1479 1268 diligant
1503 1240 1519 1265 ,
1556 1221 1723 1258 omnes
1746 1221 1798 1256 ut
1818 1210 1978 1256 Advo-

1052 1279 1211 1318 catam
1234 1268 1478 1320 honorent
1498 1304 1514 1329 ,
1548 1271 1608 1319 de
1631 1274 1759 1337 cujus
1782 1288 1980 1322 munere

1051 1347 1360 1397 communem
1390 1334 1679 1385 Salvatorem
1711 1353 1876 1386 omnes
1909 1354 1980 1386 re-

1053 1409 1284 1457 ceperunt
1305 1414 1315 1447 x
1369 1398 1466 1458 Ipsa
1507 1402 1634 1449 enim
1671 1416 1977 1464 peccatorum

1052 1460 1188 1510 nobis
1209 1462 1398 1509 veniam
1428 1463 1699 1527 impetrabit
1720 1499 1734 1522 ‚
1771 1467 1829 1513 de
1848 1469 1978 1526 cujus

1049 1523 1272 1586 sanguine
1304 1527 1410 1572 fons
1444 1527 1631 1590 pietatis
1667 1531 1978 1593 corporaliter

1050 1590 1315 1644 emanavit:
1351 1589 1528 1642 Coram
1553 1592 1632 1643 illa
1649 1592 1684 1640 ὃ
1706 1594 1886 1645 Fratres
1907 1612 1978 1644 as·-

1050 1649 1223 1716 surgite
1236 1688 1251 1711 ,
1289 1668 1394 1719 quae
1414 1653 1646 1722 sperantes
1666 1658 1714 1705 in
1725 1659 1767 1707 {e
1781 1675 1877 1708 non
1890 1661 1974 1708 de·

1048 1717 1272 1784 relinquit
1297 1730 1310 1778 3
1347 1719 1622 1782 impoffibile
1644 1723 1705 1770 est
1726 1724 1850 1773 enim
1870 1740 1975 1774 eam

1048 1797 1135 1847 pro
1154 1784 1414 1834 cultoribus
1434 1785 1521 1836 suis
1534 1800 1754 1838 orantem
1777 1805 1875 1838 non
1895 1805 1976 1838 ex-

1046 1847 1235 1905 audiri,
1283 1863 1386 1915 quae
1417 1852 1739 1917 omnipotenti
1775 1854 1881 1903 Deo
1912 1855 1973 1903 de

1044 1913 1128 1964 suo
1163 1912 1358 1976 petitore
1401 1925 1499 1964 tam
1533 1917 1788 1979 pretiosum
1819 1919 1970 1968 thala-

1044 1993 1179 2028 mum
1199 1977 1489 2032 construxit:
1524 1981 1639 2030 Haec
1660 1983 1969 2041 Trithernius,

1044 2043 1154 2092 inde
1170 2052 1272 2108 cap.
1291 2057 1364 2096 10.
1388 2045 1562 2108 pergit:
1606 2049 1885 2111 lmpoflibile
1907 2050 1971 2098 est

1044 2123 1148 2155 eam
1164 2124 1258 2156 non
1269 2108 1488 2157 obtinere
1499 2125 1644 2160 omne
1662 2114 1789 2176 quod
1805 2115 1968 2164 volue-

1045 2173 1107 2219 rit
1128 2189 1139 2218 :
1186 2173 1290 2220 Rex
1312 2173 1418 2223 coeli
1443 2174 1607 2239 Nepos
1625 2178 1722 2239 ejus
1743 2179 1827 2235 est,
1867 2195 1965 2230 non

1047 2239 1227 2298 poterit
1256 2236 1512 2298 quidquam
1546 2241 1809 2290 dulciffimae
1835 2245 1966 2294 Aviae

1046 2300 1132 2348 suae
1153 2302 1413 2361 denegare?
1451 2303 1606 2352 Mater
1627 2306 1714 2354 Dei
1739 2307 1846 2356 Pilia
1864 2311 1964 2371 ejus

1045 2364 1130 2422 est3
1162 2380 1257 2412 non
1280 2365 1438 2414 frustra
1451 2381 1609 2428 preces
1621 2371 1678 2418 ad
1692 2371 1845 2421 Deum
1859 2374 1964 2423 fun·

1043 2429 1155 2476 dere
1179 2428 1366 2490 potest}
1418 2430 1544 2480 Tota
1576 2434 1766 2486 coeltstis
1798 2440 1962 2502 patriae

1045 2492 1190 2540 Curia
1203 2495 1390 2542 Annam
1401 2495 1569 2559 diligit,
1579 2511 1632 2548 ut
1646 2499 1866 2558 Matrem,
1880 2519 1961 2553 ve·

1043 2570 1235 2604 neratur
1246 2569 1298 2604 ut
1311 2557 1564 2611 Dominam
1580 2599 1597 2624 ,
1627 2562 1660 2611 fi
1683 2559 1834 2630 quida
1855 2572 1959 2618 Deo

1042 2621 1343 2682 postulaverit
1374 2651 1387 2672 ‚
1433 2627 1646 2676 omnium
1679 2633 1956 2682 Sanstorum

1041 2700 1202 2749 preces
1213 2686 1388 2798 vogigae
1399 2703 1678 2743 concurrent
1691 2713 1704 2755 3
1719 2690 1825 2748 inde
1837 2698 1958 2812 εἰείιμ-

1900 2774 1934 2811 lt
1947 2780 1958 2813 :
