2198 3005
709 157 946 208 MATRE:
979 155 1341 206 GENITRIClS
1373 158 1490 212 DEI.

1898 162 1998 221 ἵεν

47 244 52 247 ⁴
105 249 823 315 batemPincinellitinangullla.
852 252 1018 297 Exem-
1071 236 1222 295 cinelli
1242 249 1322 298 fib.
1362 253 1404 302 6.
1436 236 1540 310 cap.
1562 264 1635 302 ιο,
1666 266 1775 300 eum
1800 254 1849 300 in
1877 254 1988 300 salso

104 315 181 378 pla
193 314 352 377 sequor
361 314 603 361 Seniorum
617 317 952 372 &Doctorum

104 380 108 383 ’
168 379 227 424 Et
243 392 326 424 cur
339 377 529 424 obsecro
544 381 690 428 Annae
703 379 917 426 Titulum
932 377 1015 425 Pis-

99 442 167 489 cis
178 456 273 488 non
283 441 535 488 attribuam
549 441 566 487 ἓ
579 459 683 491 cum
693 447 896 505 Joannes
916 443 1012 489 Na-

97 505 194 553 dafi
212 501 237 552 ἐ
259 505 604 564 SocietateJesu
618 510 662 555 in
690 506 769 554 suo
783 523 907 554 anno
920 521 1012 554 coe·

96 570 192 618 lesti
216 569 388 616 referat
425 569 500 617 die
530 576 610 624 26,
631 572 734 633 Julij
764 572 1012 619 Piscatores

96 632 320 699 quosdam
342 634 390 680 in
413 649 561 697 regno
584 637 746 684 Siciliae
767 651 872 684 cum
899 635 1013 682 nihil

92 699 282 764 piscium
296 698 440 760 longo
453 712 549 746 tem
554 715 667 763 pore
679 702 904 764 prendere
914 700 1012 761 pos·
1044 705 1047 712 ⁴

95 767 225 821 sent,
257 756 457 825 ideoque
486 763 656 828 magna
677 765 877 828 egestate
902 779 1005 827 pre-

93 838 364 881 merentur,
386 827 680 876 Sandtiffimae
695 833 841 877 Annae
861 829 1011 876 nomi-

91 905 156 940 ne
188 890 440 952 implorato
476 894 658 940 traxisse
690 905 791 940 rete
819 893 1009 956 plenum

93 955 312 1020 piscibu-s,
328 969 385 1001 eo
404 955 579 1015 maj0=·e
602 957 884 1004 piscatorum
898 973 1009 1019 gau-

92 1021 172 1067 dio
199 1022 245 1065 &
267 1020 578 1066 admiratione
599 1056 613 1077 ,
639 1022 763 1084 quod
787 1022 940 1067 cuneri
962 1023 1008 1067 in

91 1082 236 1130 dorsis
259 1085 423 1128 nomine
444 1087 494 1129 S.
518 1089 641 1130 Annae
657 1084 821 1147 signati
838 1086 1006 1140 essent,

90 1148 217 1211 quod
232 1146 508 1193 miraculum
522 1148 676 1209 plures
689 1148 864 1195 oculati
877 1148 1011 1196 testes

87 1213 192 1258 lunt
214 1208 474 1257 contestati.

123 1275 287 1334 Fixum
303 1287 416 1335 ergo
429 1283 617 1318 maneat
633 1274 823 1321 Annam
837 1274 1008 1322 Piscem

89 1338 178 1387 esse
191 1336 367 1385 sacrum
382 1368 396 1390 ‚
411 1351 550 1398 quem
567 1335 787 1395 sapientia
799 1339 886 1385 Dei
899 1352 1010 1388 ante

85 1401 244 1452 saecula
259 1401 437 1449 mundo
452 1400 638 1462 perdito
652 1403 947 1462 praeparavit.

149 1467 238 1512 Sed
260 1479 353 1526 quo
374 1465 567 1510 nomine
587 1464 722 1511 Piscis
744 1479 848 1512 eam
873 1464 1009 1529 insig-

85 1528 297 1578 niemus?

149 1595 224 1641 An
242 1589 409 1655 piscem
435 1589 610 1636 alatum
634 1593 681 1638 δι
699 1592 941 1639 volantem
957 1592 1004 1639 in

80 1657 223 1707 Freto
237 1655 426 1703 Aniano
445 1655 751 1702 vocabimus?
769 1671 891 1703 non:
909 1656 1004 1703 alta

81 1722 208 1771 enim
221 1732 459 1781 nunquam
473 1719 611 1779 petiit
625 1720 852 1775 Anna,sed
867 1720 911 1767 in
925 1721 1001 1767 de-

81 1782 293 1834 miffione
304 1785 350 1831 δι
364 1782 631 1830 humilitate
645 1784 748 1831 Deo
760 1785 966 1840 servivit.

113 1855 191 1900 An
202 1846 491 1909 Delphinum
504 1847 743 1896 dicemus?
758 1864 872 1899 non:
894 1849 1000 1911 quia

78 1915 156 1963 hic
168 1904 429 1975 jocabunde
446 1911 609 1958 ludens
625 1913 669 1960 in
684 1913 800 1962 mari
820 1926 996 1974 tempe·

76 1978 199 2027 statis
213 1977 341 2025 brevi
355 1975 576 2024 secuturae
588 1988 770 2025 certum
783 1977 844 2025 est
857 1991 997 2040 prog-

77 2042 286 2092 nosticon
302 2042 315 2092 ἱ
331 2040 464 2087 ludus
478 2041 603 2086 enim
617 2041 726 2088 Ceti
739 2041 920 2105 signum
935 2041 997 2088 est

77 2104 361 2167 tempestatis
383 2105 450 2151 ait
481 2105 641 2167 Steph.
666 2105 816 2159 Cant.
833 2105 910 2159 lib.
931 2106 994 2154 al·

75 2173 166 2234 leg,
183 2171 229 2215 in
244 2182 283 2215 c.
302 2185 342 2216 1.
357 2167 530 2221 Genes.

141 2232 309 2281 Melius
332 2231 794 2280 &accommodatius
818 2245 992 2280 nomen

77 2313 175 2348 non
199 2296 392 2344 invenio
406 2328 420 2350 ,
435 2285 576 2358 quam
597 2307 653 2342 ut
662 2294 992 2344 Sanffislimam

77 2361 278 2412 nostram
320 2359 524 2406 Matrem
559 2361 744 2406 Annam
784 2362 991 2408 vocitem

76 2424 430 2487 Callyonimum
447 2455 461 2477 ‚
477 2419 549 2468 seu
561 2425 870 2486 uranoscopum
886 2423 903 2486 (
925 2429 991 2476 ein

75 2485 497 2550 φῇηιωρῐιῶεὴετ)
528 2487 586 2532 de
611 2486 703 2532 hoc
727 2487 852 2533 enim
869 2487 990 2534 Pisce

78 2550 989 2607 referuntAldrovandus‚Gesnerus,Ma-

75 2614 222 2663 senius
245 2628 299 2660 ac
325 2613 606 2661 doctissimus
626 2614 864 2679 Philippus
885 2616 988 2665 Pin-

209 2738 290 2801 (a)
356 2738 511 2803 Psalm.
541 2754 649 2794 120.

1069 311 1187 359 mari
1212 322 1404 366 natare,
1432 325 1488 357 ac
1507 315 1694 363 oculum
1723 313 1985 366 unicumin

1067 375 1300 438 superiore
1324 375 1490 437 capitis
1507 390 1642 438 parte
1663 371 1988 430 collocatum&

1066 453 1234 487 natura
1259 439 1432 487 habere
1456 474 1471 497 ‚
1497 442 1621 488 unde
1648 441 1822 492 affiduo
1842 456 1986 508 caput

1066 517 1201 552 extra
1222 503 1563 558 fluetuslevans
1579 506 1751 555 coelum
1771 521 1988 558 contem-

1066 570 1218 631 platur
1235 605 1249 625 ,
1272 569 1401 629 cujus
1427 570 1626 627 lemma,
1657 568 1813 619 Oculus
1823 573 1985 638 semper

1066 637 1108 680 in
1135 631 1254 681 coelo.

1126 698 1224 756 Jam
1242 697 1414 744 edicite
1423 696 1685 750 AA.annon
1696 700 1877 752 vobisS.
1887 701 1985 750 An-

1064 777 1125 809 na
1145 761 1301 808 similis
1320 762 1643 824 uranoscopus
1667 765 1884 814 videtur?
1911 766 1980 813 in-

1065 827 1257 875 natabat
1280 828 1418 874 Anna
1452 825 1560 875 salso
1589 826 1833 878 sterilitatis
1862 831 1981 878 mari

1064 905 1147 952 per
1175 907 1220 951 4.
1245 889 1377 937 lustra
1408 891 1543 954 prole
1571 905 1731 940 carens
1754 926 1770 948 ,
1802 894 1981 956 repleta

1063 954 1193 1001 omni
1217 956 1525 1003 amaritudine
1545 957 1701 1004 cordis
1713 994 1728 1017 ‚
1741 957 1877 1005 instar
1887 959 1980 1007 Ra-

1062 1020 1197 1076 chel,
1225 1020 1453 1078 plorantis
1473 1020 1597 1068 filios
1618 1021 1745 1076 suos,
1763 1022 1981 1071 &noluit

1061 1082 1314 1134 consolari,
1341 1085 1449 1145 quia
1466 1100 1562 1130 non
1575 1084 1678 1131 sunt
1694 1102 1704 1133 :
1721 1087 1980 1147 jactabatur

1063 1161 1190 1194 nunc
1212 1146 1403 1193 tristitiae
1426 1145 1668 1203 fluetibus,
1698 1150 1823 1213 quafi
1842 1153 1978 1199 dere-

1062 1209 1170 1257 licta
1185 1200 1212 1256 ὲ
1232 1209 1333 1257 Deo
1347 1226 1471 1259 nunc
1493 1213 1784 1275 quassabatur
1800 1215 1981 1278 procel-

1062 1274 1116 1321 lis
1131 1271 1429 1333 diffidentiae,
1453 1276 1579 1340 quasi
1603 1279 1664 1325 ob
1688 1281 1875 1328 occulta
1898 1282 1977 1328 de·

1063 1337 1172 1386 licta
1202 1340 1520 1389 maledictioni
1544 1343 1683 1404 Legis
1703 1343 1976 1404 subjaceret3

1062 1402 1172 1448 inde
1203 1402 1317 1449 flatu
1354 1405 1540 1465 gemina
1574 1422 1659 1453 cor
1681 1411 1778 1468 ejus
1803 1408 1977 1457 desola-

1060 1477 1162 1512 tum
1187 1465 1492 1526 impellebant
1517 1500 1530 1522 ,
1567 1469 1676 1516 hinc
1707 1475 1864 1532 gravis
1888 1475 1976 1520 Bo·

1061 1542 1193 1584 reas,
1215 1529 1341 1576 illinc
1367 1531 1665 1580 inexorabilis
1688 1535 1852 1582 Auster
1879 1539 1975 1586 affi-

1058 1583 1155 1638 duo
1191 1593 1357 1640 moesto
1392 1594 1573 1656 peetori
1617 1597 1882 1647 insonantes
1911 1601 1976 1650 la-

1058 1657 1315 1704 mentabile
1335 1657 1447 1705 illud
1479 1659 1779 1710 maledictum
1801 1662 1973 1728 Moysis

1056 1719 1232 1768 Exordi
1263 1734 1360 1782 cap.
1392 1734 1472 1775 23.
1495 1739 1577 1772 non
1607 1728 1689 1773 erit
1716 1728 1971 1788 infoecunda,

1055 1797 1126 1831 nec
1132 1783 1292 1843 sterilis
1314 1786 1357 1832 in
1377 1793 1492 1835 terra
1509 1797 1601 1840 tua:
1616 1793 1663 1838 δι
1679 1791 1876 1840 alterum
1891 1795 1973 1842 lsa-

1054 1847 1109 1895 iae
1130 1863 1229 1912 cap.
1263 1863 1338 1903 31,
1362 1855 1528 1899 Beatus
1547 1856 1621 1919 qui
1635 1853 1759 1903 babet
1772 1858 1971 1907 Semenin

1052 1916 1172 1977 Syon
1184 1950 1198 1974 ,
1216 1911 1274 1968 65
1290 1912 1507 1963 ηιαὶεάὶᾶα
1520 1918 1699 1976 sterilis,
1713 1934 1798 1982 quae
1813 1936 1891 1969 non
1897 1933 1971 1987 pa-

1050 1979 1136 2038 νέω
1157 1976 1422 2027 luctabatur
1448 1995 1564 2043 ergo
1600 1983 1803 2040 pluribus
1835 1988 1970 2035 annis

1048 2056 1157 2089 cum
1187 2045 1462 2106 tempestate
1495 2046 1648 2093 valida
1683 2046 1977 2111 sterilitatis,

1048 2105 1122 2152 sed
1148 2105 1194 2153 in
1219 2107 1502 2170 profundum
1518 2124 1754 2174 nunquam
1781 2113 1966 2163 descen-

1047 2170 1142 2227 dit,
1169 2170 1343 2233 semper
1359 2173 1484 2220 enim
1499 2173 1705 2233 superior
1729 2178 1862 2224 undis
1886 2180 1965 2226 tri-

1047 2234 1340 2282 bulationum
1363 2238 1613 2294 enatabat,
1643 2239 1817 2301 semper
1845 2246 1966 2290 Ocu-

1046 2296 1107 2344 ln
1129 2300 1215 2361 ejus
1238 2306 1330 2345 erat
1353 2300 1395 2345 in
1411 2298 1540 2360 coelo,
1568 2317 1662 2350 vox
1686 2304 1779 2363 ejus
1804 2307 1960 2365 unica,

1042 2359 1198 2408 levavi
1218 2361 1361 2409 oculos
1372 2378 1486 2411 meos
1504 2367 1548 2411 in
1569 2375 1727 2413 montes
1740 2404 1753 2426 ‚
1767 2369 1869 2417 unde
1884 2385 1960 2418 ve-

1043 2425 1160 2472 nient
1179 2426 1386 2473 auxilium
1400 2427 1501 2476 mihi
1512 2443 1524 2478 s
1543 2432 1621 2489 (a)
1638 2431 1963 2497 durabantcjue

1044 2501 1204 2548 preces
1236 2491 1331 2549 ejus
1365 2507 1459 2539 non
1492 2507 1574 2554 per
1601 2496 1768 2543 horam
1792 2534 1804 2556 ,
1837 2500 1959 2546 diem

1040 2565 1124 2625 aut
1146 2553 1356 2627 'mensem
1380 2587 1394 2611 ‚
1443 2558 1513 2605 sed
1557 2559 1750 2623 integris
1792 2563 1959 2625 viginti

1039 2630 1195 2670 annis.

1245 2683 1328 2728 Aa
1359 2695 1390 2731 2
1810 2689 1988 2753 Cumg.
