2198 3005
723 160 1184 213 ASSUMPTIONIS
1225 166 1271 213 B.
1288 166 1351 214 M.
1366 167 1428 216 V.

501 234 675 248 un—
684 238 942 248 --ὴ

107 264 252 314 lium!
301 260 450 308 luceat
472 259 595 309 filius
629 263 726 322 ejus
756 261 953 312 dilectus
971 275 1026 311 ut

104 329 165 374 iol
196 328 241 374 in
266 328 409 381 coelo,
434 339 676 373 remaneat
705 328 864 375 [altem
885 339 1023 375 terrae

105 391 238 442 Luna
267 390 342 437 sua
357 391 502 437 Maria
531 389 743 437 solatium
773 391 1020 448 omnibus,

103 455 181 516 qui
209 465 453 515 gementes
494 458 539 501 3<
569 452 737 504 flentes
775 455 935 504 sedent
962 457 1022 503 ad

97 519 291 567 flumina
310 519 572 580 Babylonis·

163 584 371 646 Exigunt
382 585 570 630 demum
587 585 633 631 &
647 582 738 648 hoc
755 582 902 630 Tituli
925 581 1023 629 Ma-

99 647 175 695 ria:
198 649 412 694 attributi
435 660 446 697 z
479 663 536 694 an
559 663 653 695 non
681 648 742 693 est
775 647 922 695 Maria
949 660 1021 693 re·

97 711 276 775 fugium
293 722 595 775 peccatorum
610 745 622 767 ‚
637 713 857 758 auxilium
876 711 1017 759 Chri-

97 776 348 824 stimnrum
363 810 375 829 ‚
392 777 677 825 conlolatrix
701 776 1017 824 afflietorum?

96 854 148 889 at
170 841 394 903 assumpta
429 841 490 888 est
521 857 644 888 nunc
668 843 711 886 in
742 843 914 888 coelum
941 842 1019 889 ad-

94 920 269 957 vocata
311 906 461 952 nostra
497 905 794 969 gementibus
831 905 1019 954 interim

96 972 230 1018 nobis
242 969 320 1016 sub
332 972 463 1034 gravi
477 971 590 1032 jugo
609 982 927 1030 peccatorum.

165 1035 373 1082 Laetatur
383 1033 691 1081 Consolatrix'
706 1033 856 1081 nostra
871 1035 917 1081 in
930 1048 1023 1081 coe-

98 1100 188 1146 lesti
205 1100 425 1158 Solyma,
449 1112 535 1144 nos
562 1097 736 1160 captivi
754 1097 1022 1145 detinemur

99 1165 146 1210 in
170 1161 330 1210 misera
343 1164 463 1209 valle
480 1164 1020 1224 lacrymarumzpotatur

101 1230 176 1275 illa
220 1238 434 1272 torrente
463 1223 741 1284 voluptatis,
763 1238 847 1270 nos
871 1224 1018 1273 moesti

103 1293 163 1338 ad
197 1304 352 1337 amara
385 1287 578 1335 flumina
608 1286 859 1348 Babylonis
897 1289 1017 1335 sede-

100 1355 345 1408 mus,dum
376 1352 684 1399 recordamur
709 1351 866 1400 Mariae
895 1369 905 1400 :
941 1353 1021 1399 de-

82 1420 167 1482 ,git
182 1419 255 1466 iila
269 1417 315 1463 in
330 1418 524 1489 regione
539 1415 826 1469 viventium,
852 1431 939 1462 nos
949 1430 1020 1462 er-

98 1496 257 1529 ramus
272 1482 317 1526 in
331 1493 525 1540 regmne
550 1480 723 1524 umbrae
750 1480 796 1525 &
823 1479 1017 1526 mortis:

100 1546 223 1592 inter
235 1542 406 1590 {ludius
421 1542 567 1589 saeculi
592 1541 946 1603 naufragamur,
973 1544 1019 1588 ὃ(

103 1609 265 1656 frustra
292 1607 465 1653 stellam
495 1605 648 1659 maris,
672 1620 726 1651 ac
743 1606 1022 1663 cynosuram

101 1674 399 1736 inquirimus,

166 1739 212 1783 Ο
237 1733 425 1781 miseros
445 1735 493 1780 ὅ(
516 1732 790 1786 derelictos,
811 1731 913 1794 quis
933 1745 1019 1778 nos

100 1800 351 1849 abscondet
373 1790 398 1845 ὲ
419 1796 577 1845 furore
600 1797 808 1851 Domini,
831 1797 932 1858 quis
957 1793 1022 1843 sa·

101 1868 242 1928 gittas
279 1866 327 1912 ὃτ
359 1861 566 1926 gladium
589 1864 893 1927 evaginatum
917 1861 1022 1910 irati

104 1930 279 1993 Judicis
315 1920 343 1976 ἒι
384 1928 645 1975 cervicibus
688 1928 850 1975 nostris
889 1943 1017 1974 arce-

100 1994 167 2042 bit
191 1996 208 2041 ?
251 1993 352 2056 quis
376 1993 578 2052 peccatis
609 1992 770 2038 nostris
795 1991 1023 2038 offensum

102 2059 295 2105 delinIet
317 2056 509 2103 Numen
530 2055 546 2100 ?
582 2057 683 2120 quis
707 2056 879 2104 iratum
902 2057 1024 2118 paci-

103 2121 264 2172 ficabit
278 2121 463 2168 Deum?

170 2187 248 2232 An
291 2201 388 2232 non
427 2198 562 2246 aequo
604 2184 702 2243 jure
748 2181 1024 2245 respondere

107 2249 367 2314 possumus,
409 2249 536 2311 quod
572 2247 907 2309 responderunt
929 2250 1024 2294 An-

108 2315 317 2363 tiocheni
352 2313 632 2369 Imperatori
659 2311 806 2357 Leoni
844 2314 1023 2372 petenti

109 2379 296 2437 Corpus
317 2371 588 2427 53ηόἶίίῖῑωί
616 2376 719 2422 Viri
746 2376 828 2421 Dei
851 2376 1026 2422 Simeo-

112 2444 182 2490 nis
194 2442 373 2505 Stylitae
385 2441 620 2493 dicentes,
638 2438 751 2486 cum'
767 2454 860 2486 non
879 2438 933 2486 iit
955 2454 1029 2485 ur-

110 2508 156 2555 bi
179 2507 340 2553 nostrae
365 2518 549 2557 murus,
576 2519 713 2567 quem
739 2506 801 2549 ira
829 2504 1029 2565 {mpera-

113 2572 231 2618 toris
259 2571 303 2617 in
326 2585 413 2617 nos
426 2568 616 2614 saeviens
635 2567 802 2629 dejecit
818 2602 830 2621 ,
854 2565 1027 2615 [acrum

113 2637 204 2682 hoc
221 2649 388 2694 corpus
411 2633 706 2682 adduximus,
723 2644 774 2677 ut
791 2632 924 2678 nobis
944 2647 1027 2679 cro

113 2712 248 2750 muro
272 2703 316 2747 &
342 2699 694 2761 propugnaculo
717 2693 826 2744 effer
847 2711 858 2747 t
894 2689 960 2747 ita
981 2700 1028 2746 δί

1900 189 2000 238 225

1078 264 1418 312 noslamentari
1433 268 1665 328 poffumus
1689 265 1797 321 cum
1821 287 1908 320 nos
1919 289 1999 322 ex-

1077 319 1229 376 treme
1256 330 1585 392 persequantur
1611 334 1888 385 fatales‘tres
1910 338 1998 386 ho-

1077 392 1159 440 stes
1183 426 1196 448 ‚
1234 394 1438 441 mundus
1454 427 1467 449 ,
1502 410 1611 442 caro
1636 400 1683 444 δι
1706 415 1845 448 orcus
1865 435 1880 457 ‚
1905 417 1995 452 nec

1080 457 1223 505 nobis
1253 456 1370 504 adlit
1403 473 1561 505 murus
1598 461 1646 506 &
1670 467 1992 522 antemurale,

1075 531 1266 570 maneat
1300 521 1442 583 igitur
1461 522 1583 582 apud
1621 537 1707 570 nos
1740 527 1996 587 gloriosum

1075 598 1246 648 corpus
1269 619 1281 642 ,
1311 597 1364 631 ut
1387 584 1442 634 fit
1455 587 1587 633 nobis
1601 587 1862 639 defenfio&
1887 607 1995 655 pro-

1073 649 1406 715 pugnaculum.

1137 714 1215 760 Ah
1233 713 1437 760 Domine
1448 729 1543 761 non
1558 713 1618 760 est
1629 715 1712 764 tibi
1728 730 1850 766 curae
1864 722 1995 782 quod

1071 778 1220 826 Maria
1247 778 1434 840 reliquit
1448 793 1533 825 nos
1554 777 1675 826 solos
1690 782 1738 828 in
1763 786 1996 838 terra,dic

1073 857 1187 906 ergo
1203 840 1349 896 illi,ut
1371 842 1428 888 ad
1454 857 1540 890 nos
1572 846 1733 893 redeat
1754 849 1802 894 &
1827 847 1995 908 derelif

1077 906 1394 964 &osadjuveu

1140 970 1231 1017 Ubi
1254 969 1396 1016 verba
1409 967 1486 1016 sua
1507 965 1632 1017 finiit
1646 982 1793 1028 terra,
1815 972 1994 1022 fadium

1076 1034 1138 1081 est
1157 1033 1389 1080 filentium
1422 1035 1468 1080 in
1506 1034 1647 1082 Coelo
1674 1071 1690 1092 ‚
1729 1040 1921 1083 tandem
1946 1037 1998 1084 li-

1075 1095 1231 1144 centia
1254 1097 1311 1143 ab
1335 1096 1568 1143 Altiffi'mo
1585 1098 1836 1160 impetrata
1848 1099 1908 1150 fic
1930 1100 1999 1149 fa·

1074 1161 1112 1207 ri
1124 1159 1336 1207 exorsum
1355 1160 1416 1207 est
1429 1161 1618 1209 coelum.

1141 1223 1380 1271 Absolvisti
1414 1223 1540 1272 soror
1575 1240 1704 1282 mea,
1727 1238 1784 1272 ut
1818 1227 1961 1273 credo
1976 1228 1994 1282 ‚¹

1079 1300 1183 1353 quae
1219 1288 1372 1336 dicere
1411 1289 1604 1336 volebas
1634 1292 1692 1337 de
1728 1291 1997 1338 reducenda

1071 1354 1119 1400 in
1136 1366 1282 1400 terras
1305 1353 1448 1401 Maria
1463 1386 1476 1408 ,
1496 1352 1570 1400 sed
1593 1367 1788 1416 apparet
1811 1354 1924 1402 vere*
1947 1366 1997 1402 te

1072 1420 1119 1463 in
1133 1417 1334 1462 tenebris
1346 1432 1399 1463 ac
1423 1419 1588 1463 umbra
1611 1421 1778 1464 mortis
1798 1418 1996 1478 verlari;
2051 1449 2053 1453 ,

1073 1478 1252 1541 sapiunt
1266 1480 1391 1526 enim
1415 1480 1585 1527 cuncta
1608 1494 1888 1542 argumenta
1914 1494 1997 1530 tua

1076 1545 1278 1596 umbraS,
1292 1544 1508 1590 tenebras
1523 1547 1567 1590 ὃ(
1581 1545 1853 1608 caliginem:
1886 1546 1994 1602 tria,

1075 1618 1128 1653 ut
1149 1607 1587 1668 vi'deo‚argumenta
1611 1607 1810 1662 sormaS,
1838 1609 1994 1657 Testa·

1075 1682 1291 1719 mentum
1309 1669 1998 1735 Christiallegas‚devotionem

1075 1733 1236 1798 populi
1250 1735 1457 1794 extollis,
1489 1748 1548 1782 ex
1565 1737 1712 1784 titulis
1727 1736 1882 1798 deniq3
1902 1737 2000 1783 Ma-

1075 1801 1151 1847 riae
1167 1799 1212 1846 id
1227 1800 1411 1847 conaris
1434 1813 1622 1851 erueret
1658 1813 1705 1849 at
1727 1801 1999 1849 claudicant

1075 1865 1353 1929 argumenta
1375 1876 1485 1922 tua,
1527 1865 1751 1913 vacillant
1774 1868 1998 1915 rationes.

1144 1930 1322 1977 Verum
1359 1929 1446 1985 est,
1480 1928 1696 1991 promissa
1732 1930 1820 1975 ruit
1858 1929 1995 1975 vobis

1078 1994 1225 2041 Maria
1270 1994 1316 2040 in
1355 1994 1556 2041 Matrem
1580 2003 1593 2040 τ
1635 1994 1723 2039 Sed
1769 1993 1996 2039 habuitne

1079 2072 1201 2104 terra
1224 2072 1328 2104 eam
1361 2071 1413 2104 ut
1435 2057 1667 2103 Matrem?
1715 2057 1997 2104 Veneratio-

1059 2121 1252 2169 'nc'mne
1282 2122 1570 2183 condignam
1607 2121 1821 2167 exhibuft
1853 2120 1914 2167 illi
1942 2133 1997 2167 ut

1079 2185 1258 2233 dileCrae
1272 2184 1504 2232 Genitrici
1526 2185 1544 2230 Ρ
1581 2187 1654 2230 An
1679 2200 1774 2231 non
1791 2183 1998 2233 scelerati

1079 2246 1162 2297 filii
1187 2264 1349 2298 manus
1363 2249 1597 2311 sacrilegas
1621 2242 1869 2296 elevarunt
1890 2272 1906 2303 ·,
1942 2260 1998 2296 ut:

1080 2315 1337 2373 dejicerent
1371 2312 1544 2359 lacrum
1579 2313 1678 2372 ejus
1738 2313 1997 2359 feretrum?

1081 2382 1155 2426 An
1168 2393 1263 2423 non
1279 2376 1460 2438 ignibus
1479 2375 1764 2423 destinfirunt
1785 2375 1846 2422 fat
1856 2389 1928 2421 ras
1950 2389 1998 2422 e-

1079 2443 1150 2502 jus
1163 2443 1356 2488 exuvias
1374 2440 1583 2487 crudeles
1607 2435 1720 2487 filii?
1756 2452 1876 2502 quot
1896 2453 1999 2501 per-

1082 2507 1342 2553 iecutiones
1395 2503 1491 2565 post
1533 2501 1862 2550 Ascensionem
1911 2501 1999 2550 filii

1082 2584 1188 2616 cum
1203 2567 1436 2629 Apostolis
1457 2566 1661 2615 sustinuit
1687 2568 1704 2613 ?
1741 2580 1860 2629 quot
1884 2567 2002 2612 blas-

1083 2633 1352 2695 phemias&
1376 2631 1618 2679 maledicta
1633 2633 1790 2678 audire
1811 2631 1871 2677 est
1895 2643 2002 2676 coa-

1082 2698 1185 2747 Cta?
1221 2695 1332 2807 qluifd
1356 2697 1525 2744 mirum
1549 2694 1582 2742 si
1604 2696 1838 2744 Dominus
1854 2696 1914 2740 ob
1933 2698 2002 2740 in-

1841 2770 2005 2822 gentia
