2198 3005
185 157 282 208 ¹90

1779 58 1832 111 ι
1853 128 1856 129 ⁷

937 146 1014 196 IN
1077 144 1311 199 FESTO

177 217 2049 253 '‘W—*W

184 234 294 293 crim
332 258 430 292 non
473 243 610 294 semel
642 279 658 303 ,
702 248 770 297 uti
804 247 940 300 stater
967 249 1093 297 Petri

179 306 228 356 in
263 322 343 354 ore
407 307 504 355 ilcis
529 344 543 368 ,
581 311 642 357 ita
669 315 718 361 &
744 315 791 361 in
828 325 997 360 ventre
1028 314 1095 375 pi·

177 370 319 419 scium
369 383 443 420 mr
474 372 682 425 inventae
718 377 969 442 deperditae
1005 378 1097 427 cla-

178 448 275 484 ves.

237 498 428 566 ⁴Testem
463 502 647 551 adduco
683 503 950 552 Maurilium
990 504 1094 565 Epi-

176 562 365 627 lcopum
386 568 794 629 Andegavensem:
828 570 904 616 ain
927 569 1094 616 beatis-

170 625 285 677 fime
309 629 471 678 Praesul
496 664 510 686 ,
549 632 647 694 quis
671 644 720 680 te
739 631 992 694 fugitivum
1014 648 1096 695 per

176 692 351 745 alienas
408 699 598 751 terras',
660 699 719 744 ad
770 697 1093 760 Epilcopatum

179 767 343 814 tuum,
380 774 519 823 quem
546 755 732 809 occulte
754 763 1027 818 deserueras,
1042 763 1099 809 ad

174 824 363 888 propria
397 825 615 884 reduxit?
661 826 793 874 Piscis
822 831 1014 887 captus,
1051 827 1098 874 in

173 902 272 949 quo
296 888 467 936 iterum
491 890 698 939 inventae
725 890 902 939 sacrarii
927 892 1098 939 claves·

172 950 298 999 Nam
321 950 430 1019 eum
455 955 513 1000 ad
533 955 801 1003 Maurilium
827 956 962 1002 (acris
984 969 1097 1016 ope-

167 1028 354 1066 rantem
387 1018 555 1068 mulier
584 1020 693 1069 curn
714 1020 1000 1067 moribundo
1028 1020 1096 1067 in-

172 1082 304 1140 fante
326 1081 587 1131 accurrisset
608 1116 623 1138 ,
661 1098 862 1145 rogans,
886 1095 940 1130 ut
968 1085 1094 1130 sacro

173 1144 313 1195 latice
335 1147 549 1196 ablutum
572 1146 815 1197 chrismate
830 1148 1097 1210 inungeret,

170 1211 252 1260 ille
280 1212 472 1260 econtra
507 1212 594 1275 piis
630 1210 873 1259 affectibus
914 1212 966 1259 in'
993 1226 1096 1258 cor-

172 1290 289 1339 pore
310 1282 357 1326 &
378 1277 597 1339 sanguine
612 1276 806 1327 Domini
828 1275 1090 1334 consecran-

173 1343 237 1389 do
265 1353 396 1388 totus
419 1340 661 1405 absorptus
682 1356 839 1399 moras
858 1341 1092 1397 traheret,

173 1405 308 1454 desiit
337 1419 453 1466 puer
476 1407 663 1461 trahere
684 1407 887 1454 animam
902 1410 932 1453 ,’
950 1415 1094 1463 atque

166 1470 297 1534 prius
329 1469 406 1517 ille
437 1469 587 1528 vitam'
618 1500 634 1525 ,
676 1513 679 1515 ,
711 1462 819 1515 υἲιιῃ
851 1466 1094 1514 Maurilius

168 1534 348 1582 miffam
389 1533 629 1589 ablolvit':
673 1483 816 1587 guito
855 1531 980 1578 sacro
1018 1530 1093 1576 ubi

170 1612 372 1662 puerum
398 1599 504 1658 'ja'm
536 1596 694 1654 obiisse
740 1597 974 1659 comper-it
1005 1593 1094 1640 Vir

169 1662 353 1717 sandius
374 1686 390 1719 φ
433 1661 855 1709 inconlolabilibus·
878 1658 1093 1720 lacrymis

167 1722 505 1790 negligentiam
538 1723 664 1773 suam
698 1725 971 1786 deplorabat
995 1756 1009 1779 ‚
1043 1725 1094 1770 δι

167 1794 277 1856 quia
307 1791 529 1838 credebat
563 1805 659 1838 non
688 1790 822 1837 aliter
857 1788 1093 1849 piaculum

169 1850 287 1908 istuld
308 1853 390 1902 nifi
407 1855 704 1904 abdicatione
721 1851 874 1900 infulae
890 1885 904 1907 ,
931 1867 984 1899 ac
1009 1866 1095 1897 vo·

172 1920 385 1971 luntario
442 1917 591 1973 exilio
637 1917 725 1982 esse
767 1918 1097 1977 expiandum,

172 1985 295 2035 clam
329 1983 541 2046 profugit
575 2014 591 2038 ,
639 1981 944 2042 conse-nsaq'ue
987 1981 1095 2028 navi

165 2053 280 2100 dum
294 2047 439 2095 vestes
450 2057 630 2106 mutat,
664 2061 725 2093 ne
740 2040 863 2093 forte
881 2043 1096 2107 agnosce-

167 2108 332 2166 retur&
352 2112 434 2160 suis
446 2145 461 2167 ‚
495 2101 748 2174 derepente
765 2110 905 2157 etiam
921 2110 1096 2157 Claves

168 2177 364 2228 Sacrarii
399 2179 548 2238 (quas
590 2177 911 2238 incogitanter
943 2175 1093 2231 lecum

172 2241 446 2304 [umpserat)
485 2232 746 2295 &manibus
780 2240 826 2286 in
855 2253 985 2295 mare
1017 2240 1092 2284 de-

170 2308 304 2369 laplae
339 2299 635 2367 duplicavere
659 2309 912 2351 moerorem
936 2318 946 2353 ε
984 2302 1092 2349 binc

171 2372 415 2433 indignum
429 2382 556 2416 ratus
574 2371 613 2415 se
627 2366 766 2414 infulfi
782 2404 796 2425 ,
835 2368 974 2416 vovit
995 2381 1093 2414 non

174 2427 301 2499 prius
321 2433 578 2481 rediturum
596 2433 651 2479 ad
667 2433 851 2494 propria
865 2464 879 2486 ,
915 2429 997 2477 nifi
1013 2433 1092 2478 de·

172 2493 273 2547 nub
310 2498 465 2544 claves
508 2498 650 2546 essent
685 2497 890 2546 inventae
919 2493 1092 2561 {ibique

173 2559 409 2622 restitutae.
552 2559 554 2562 ’
694 2566 697 2569 “
936 2565 939 2570 ’

239 2624 494 2688 Septennio
524 2636 637 2685 ergo
668 2634 777 2671 toto
807 2635 937 2685 trans
963 2633 1094 2670 mare

176 2690 446 2754 incognitus
476 2686 794 2737 Hortulanum
827 2687 926 2752 egit
947 2719 964 2745 ,
1010 2687 1094 2738 do-

1147 264 1235 298 nec
1278 251 1470 298 tandem
1514 253 1573 300 ab
1606 251 1805 316 Ecclesia
1848 253 2065 318 Andega‚

1148 311 1276 361 venii
1292 314 1409 361 miffi
1419 312 1586 384 Legati
1606 313 1634 375 ,¹
1654 318 1732 382 qui
1749 316 1962 367 amissum
1977 319 2069 367 Pa·

1146 377 1316 429 storvem
1329 378 1637 443 inquirerent:
1669 378 1823 435 fecere
1841 381 1923 442 illi,
1936 382 2067 446 quod

1147 442 1410 506 injunEtum
1427 457 1531 493 erat
1550 480 1567 505 ,
1599 460 1654 493 ac
1682 460 1765 509 per
1790 447 1950 505 varios
1972 456 2070 494 ter·

1147 512 1304 555 rarum
1346 508 1521 557 trastus
1562 510 1723 558 frustra
1767 508 2069 574 inquisitum,

1149 573 1338 619 tandem
1374 573 1421 620 in
1444 574 1615 622 minori
1638 575 1875 623 Britannia
1903 573 2070 637 depress

1148 636 1416 684 henderunt
1434 672 1447 691 ‚
1480 638 1840 702 monstratisque
1855 633 2070 687 'clavibus

1152 702 1318 749 amiffis
1352 703 1490 765 (quas
1514 705 1626 751 dum
1650 704 1697 751 in
1721 706 1818 751 alto
1842 703 2073 766 veheren-

1153 778 1231 812 tur
1259 799 1274 821 ,
1320 766 1368 812 in
1403 781 1684 815 exenterato
1720 766 1843 816 Pisce
1881 767 2074 823 invene9

1151 833 1297 889 rant)
1331 845 1439 879 cum
1462 833 1635 893 gaudio
1662 835 1710 880 δι
1741 831 2070 891 exultatione,

1149 895 1208 941 ad
1250 895 1565 958 Episcopalem
1601 897 1828 944 thronum
1873 895 2072 946 Exulem

1149 953 1380 1005 reduxere
1403 974 1415 1009 t
1458 962 1535 1006 ubi
1563 963 1608 1007 in
1633 961 1832 1020 patriam
1859 972 2075 1023 ventum,

1149 1034 1265 1068 mox
1297 1023 1356 1068 ad
1379 1022 1586 1075 defun&
1620 1024 1803 1086 parvuli
1832 1024 2075 1079 tumulum

1148 1084 1238 1131 Vir
1252 1084 1337 1132 Dei
1355 1088 1627 1149 properavit
1649 1121 1666 1145 ‚
1701 1092 1931 1150 erutaque
1948 1085 2073 1143 terri

1149 1149 1194 1196 in
1218 1163 1371 1210 genua
1397 1152 1711 1211 procumbens
1732 1154 1758 1207 ,'
1783 1149 1849 1197 lat
1879 1149 2074 1213 longam

1148 1211 1346 1273 copiofis
1378 1212 1595 1277 lacrymis
1623 1212 2076 1270 intermixtam-ori,-

1148 1278 1327 1323 tionem
1354 1278 1411 1323 ad
1444 1277 1681 1325 Christum
1715 1278 1826 1324 fecit
1852 1312 1868 1334 ,
1906 1277 1994 1341 qua
2018 1276 2074 1326 fi-

1148 1339 1246 1387 niti
1264 1343 1309 1388 &
1324 1354 1438 1402 puer
1456 1340 1653 1415 surrexit
1667 1374 1680 1396 ,
1717 1341 1828 1388 acin
1843 1343 2074 1404 baptismo

1147 1404 1318 1456 Renati
1352 1417 1528 1451 nomen
1561 1419 1588 1451 a
1615 1404 1829 1452 Maurilio
1861 1407 2072 1466 accepit,

1147 1463 1174 1515 ὲ
1192 1466 1313 1520 vivis
1333 1466 1541 1528 (ublato,
1575 1464 1797 1514 succeffor
1821 1469 1868 1514 in
1888 1468 2073 1529 Epil‘co'·

1146 1531 1261 1594 'patu
1296 1544 1349 1578 ac
1380 1531 1529 1594 haeres
1557 1531 1604 1577 in
1628 1529 1883 1580 virtutibus
1917 1533 1965 1579 &
1988 1533 2077 1590 mi·

1147 1594 1312 1642 raculis
1334 1595 1509 1643 extitit.
1542 1594 1702 1643 Surius
1716 1607 1836 1647 tom.
1851 1613 1892 1658 5.
1904 1596 1978 1644 die
1996 1609 2071 1657 ις,

1146 1659 1384 1720 Septemb,
1589 1659 1593 1662 ’

1209 1722 1270 1769 Et
1303 1735 1355 1768 tu
1385 1721 1638 1775 beatissime
1666 1720 1856 1786 Metron
1900 1723 2076 1783 (cujus

1147 1784 1322 1833 lacrum
1350 1784 1519 1847 corpus
1546 1785 1748 1832 Veronae'
1784 1786 2075 1848 requiescens

1145 1850 1195 1899 in
1219 1846 1397 1897 summz'i
1419 1849 1727 1897 veneratione
1750 1850 1973 1915 habetur)
1994 1850 2072 1899 alu

1147 1917 1197 1964 8(
1221 1926 1306 1974 tu;
1356 1915 1468 1978 quid
1503 1913 1586 1959 tibi
1622 1914 1668 1960 in
1690 1926 1904 1973 extrema
1927 1912 2073 1962 auste-

1149 1979 1294 2027 ritate
1312 1977 1602 2042 poenitentiae
1633 1989 1726 2026 tuae
1750 2010 1765 2033 ,
1810 1979 1856 2025 in
1882 1985 1957 2027 tot
1986 1980 2074 2030 ‘an-

1149 2058 1320 2092 norum
1363 2043 1647 2095 continuato
1668 2043 1671 2046 ’
1691 2041 1820 2090 lustu
1857 2045 1906 2091 ὃ(
1952 2057 2071 2091 mce-

1149 2123 1280 2162 τοτε,
1316 2109 1429 2155 dum
1449 2109 1579 2154 velut
1594 2119 1748 2153 novus
1760 2106 2068 2156 Prometheus

1148 2174 1349 2220 horridae
1375 2172 1523 2231 cautis
1555 2184 1694 2217 antro
1727 2168 1889 2219 affixus
1908 2186 2070 2233 geme-

1148 2238 1227 2283 bas
1243 2269 1255 2291 ,
1290 2238 1400 2300 quid
1423 2237 1507 2291 ribi
1532 2236 1759 2297 iacrymas
1779 2246 1883 2282 tuns
1902 2236 2069 2283 abster-

1144 2301 1238 2348 fit?
1273 2302 1384 2365 quid
1415 2296 1604 2350 cate‘nas
1632 2303 1678 2346 &
1699 2300 1951 2362 compedes
1976 2301 2067 2347 ler-

1145 2380 1249 2414 reos
1272 2400 1289 2425 ,
1333 2366 1500 2426 quibus
1522 2364 1850 2425 poenitentiam
1876 2364 1917 2411 S.
1938 2364 2067 2411 aelu-

1145 2444 1222 2477 rus
1243 2462 1257 2484 ,
1297 2427 1426 2477 ultro
1452 2443 1617 2475 manus
1647 2431 1697 2485 δι
1720 2429 1858 2489 pedes
1885 2427 2067 2475 induisti

1145 2493 1348 2541 dissolvit
1371 2493 1411 2539 2·
1434 2507 1490 2546 ac
1513 2491 1734 2538 indicibili
1756 2491 1929 2554 gaudio
1951 2491 2064 2541 deli.

1146 2559 1264 2604 buto
1295 2594 1308 2614 ,
1362 2549 1706 2607 mortem'alffis
1739 2556 2065 2614 amariffimam

1145 2622 1230 2683 tibi
1257 2618 1810 2668 reddidit'luaviffimam?
1845 2615 1979 2666 Piscis
1992 2634 2068 2667 ca·

1145 2699 1254 2749 ptus
1272 2717 1287 2742 ,
1315 2685 1409 2747 ais,
1437 2684 1486 2733 in
1515 2697 1611 2747 quo
1644 2684 1852 2746 inventae
1878 2683 2068 2743 claves,

1944 2759 2061 2810 quas
