2168 3005
670 137 953 192 SANCTAE
977 122 1372 194 'TR1N1TAT152

1763 140 1986 205 Maiis

0 268 4 270 -
68 235 313 285 ineffabile
335 232 619 295 est,filentio
660 228 846 284 tantum
885 239 997 284 ado·
1052 237 1155 283 bilis
1176 271 1191 294 ,
1223 234 1508 296 profundum
1536 232 1631 295 sine
1654 233 1830 289 funde,
1853 234 1985 296 quod

69 303 275 350 randum
305 300 385 352 est.

135 365 437 416 Intellectum
452 359 652 414 vestrum
677 380 782 413 cum
795 362 997 428 Origine

70 431 120 481 δί
146 431 400 496 Augustino
421 431 468 478 in
489 431 816 493 captivitat-em
842 444 896 478 ac
912 430 995 478 ob-

68 495 277 563 sequium
303 491 414 543 fidei
442 495 643 559 redgite
676 495 784 545 sacri
808 500 856 545 &
886 510 994 558 pro-

44 563 199 613 ·fundi
217 562 480 624 Theologi,
506 575 736 611 monente
757 576 842 611 vos
858 562 995 626 Syra-

2 688 5 692 *
62 629 168 679 cide
184 640 285 690 cap.
301 648 346 690 3.
375 626 548 676 altiora
565 634 607 675 te
629 644 678 677 ne
698 628 921 693 quaesieris,
937 625 993 682 ΕΞ

52 694 222 758 fortior
262 700 303 740 te
324 695 598 755 nescruteris‚·
615 697 686 759 qui
703 695 811 741 enim
819 694 987 756 scruta-

64 766 134 807 tor
144 758 200 817 est
212 773 263 808 m,
277 757 453 820 Jestam,
467 761 729 825 opprimetur
737 756 764 805 ὰ
769 757 983 825 gloria(a)

125 821 455 872 Obmuteseite
490 839 599 872 cum
635 824 908 887 Pythagora
936 828 984 872 δί

59 888 259 937 Platone
295 886 523 953 sapientes
547 889 813 952 Philosophi
847 889 985 950 hujus

56 956 238 1010 mundi,
255 952 530 1017 impoffibile
549 955 675 1002 enim
694 956 754 1003 est
768 989 781 1011 ,
806 956 870 1003 ait
887 957 986 1002 An-

56 1020 236 1083 gelicus
259 1019 445 1069 Docior
477 1026 567 1082 up
603 1038 646 1084 q,
679 1032 752 1074 32.
772 1037 811 1068 a.
839 1039 878 1071 1.
903 1035 985 1083 per

56 1086 296 1134 rationem
346 1086 609 1133 naturalem
647 1087 704 1133 ad
749 1086 984 1151 cognitio-

56 1165 166 1198 nem
186 1150 435 1198 Trinitatis
469 1152 735 1203 divinarum
768 1150 980 1213 persona-

58 1231 164 1264 rum
188 1217 434 1280 pervenire
453 1249 466 1273 ‚
491 1218 715 1280 Sapientia
734 1219 839 1264 enim
860 1215 981 1278 hujux

54 1282 194 1329 mundi
212 1279 403 1340 stultitia
427 1282 484 1341 esi
507 1278 620 1349 apud
632 1286 798 1333 Deum:
834 1282 980 1330 Paulo

54 1347 168 1395 teste
197 1363 235 1396 1.
263 1346 378 1394 Cor.
407 1360 446 1399 3.

62 1438 66 1439 ν
118 1407 392 1473 Diffringite
413 1427 524 1458 cum
546 1410 836 1457 Archimede
860 1411 981 1458 &A-

52 1477 370 1525 naximandro
401 1477 612 1539 Spbaeras
652 1479 698 1522 &
730 1473 979 1536 Qiadran-

2 1597 6 1601 Α
52 1555 126 1591 tes
160 1540 335 1588 vestros
367 1536 596 1604 ingeniosi
626 1539 904 1589 Geometrae
935 1542 983 1588 ὃ(

53 1605 323 1656 Astronomi
340 1622 352 1665 ;
369 1620 522 1668 neque
543 1604 669 1652 enim
686 1605 890 1667 poffibile
904 1604 980 1660 est,

51 1685 108 1720 ut
141 1671 333 1720 circinis
363 1670 523 1718 vestris
559 1674 606 1717 ὅτ
636 1671 979 1726 calculatione,

52 1737 351 1786 altitudinem
370 1772 384 1792 ‚
407 1747 489 1782 aut
504 1736 787 1796 profundem
806 1735 980 1796 {apien-

52 1803 129 1852 tiae
154 1805 202 1850 ὃ(
230 1801 427 1848 icientiae
459 1800 545 1847 Dei
574 1800 976 1863 depraehendatis,

51 1881 162 1916 curn
186 1864 354 1914 Paulus
373 1878 462 1912 vos
483 1865 761 1915 dehortetur
783 1866 921 1913 Rom.
938 1882 978 1919 c,

57 1944 77 1978 1
93 1951 109 1982 1
121 1969 132 1980 .
144 1930 330 1980 dicens:
353 1934 393 1978 O
406 1928 593 1977 altitudo
595 1933 822 1996 sapientiae
836 1927 978 1992 &sci-

49 1999 166 2045 entiae
177 1995 268 2044 Dei
279 2028 291 2051 ,
307 1994 429 2059 quam
453 1993 979 2062 incomprehenfibiliasunt

47 2063 214 2127 judicia
226 2061 329 2126 ejus,
345 2057 398 2116 85
418 2060 734 2126 investigabiles
749 2062 830 2110 viae
842 2062 945 2127 ejur.

118 2127 385 2173 Valedicite
424 2122 543 2190 ergo
582 2127 979 2189 speculationibus

51 2191 212 2238 vestris
233 2227 247 2251 ‚
272 2191 472 2254 linquite
495 2192 636 2240 tiocia
667 2197 713 2240 &
739 2193 978 2255 ingeniosa
1002 2199 1004 2202 ”

52 2256 229 2304 somnia
251 2289 264 2311 ‚
292 2258 340 2303 ni
377 2270 485 2303 cum
511 2256 755 2305 Phaetone
780 2258 978 2308 fulmine

50 2320 215 2380 sterni,
245 2333 328 2368 aut
357 2335 468 2369 cum
489 2323 621 2370 icaro
646 2324 772 2372 inter
794 2326 978 2387 procel-

49 2386 117 2435 las
146 2384 288 2451 abyffi
311 2385 461 2447 perire
491 2385 660 2436 velitis.

118 2453 299 2500 Audite
327 2452 630 2501 minitantem
665 2453 977 2516 Augustinum

50 2515 182 2570 lerm.
205 2534 280 2566 21,
310 2514 341 2562 fi
358 2517 667 2565 inlcrutabilia
693 2519 880 2567 scrutari
896 2534 976 2568 ve-

49 2582 150 2629 nisti
178 2617 192 2635 ,
227 2584 274 2628 &
299 2581 630 2644 investigabilia
666 2583 974 2649 investigare,

48 2649 190 2696 crede
215 2645 306 2704 jam
344 2648 491 2708 peristi
515 2664 524 2694 :
551 2647 823 2712 Mysterium
847 2649 973 2701 enim

52 2712 143 2764 hoe
165 2711 236 2761 SS.
261 2711 448 2759 Triadis
468 2713 648 2777 abyssus
669 2712 732 2760 est
755 2716 973 2767 inscruta-

190 2777 269 2844 (a)
307 2778 510 2829 Proverb.
533 2790 620 2846 cap.
646 2793 727 2839 25.

1049 315 1139 348 nec
1160 297 1424 347 intelletfiicus
1439 301 1672 348 humanus
1693 312 1877 360 capere,
1893 313 1986 348 nec

1050 366 1210 429 lingua
1235 365 1449 412 mortalis
1466 363 1596 412 effari
1622 364 1784 423 potest.

1116 430 1351 494 Splendor
1371 431 1512 491 >huius
1528 429 1674 477 divini
1699 429 1900 495 Trigoni
1915 431 1981 480 ita

1048 497 1263 545 coruscat
1284 528 1297 551 ‚
1333 507 1386 543 ut
1425 495 1551 543 nulla
1584 493 1831 545 oculorum
1856 499 1981 548 acies

1047 562 1186 619 radiis
1202 563 1297 623 ejus
1321 562 1567 608 intendere
1588 574 1743 623 queat.

1111 628 1398 690 Perplexitas
1432 626 1633 689 Mysterii
1665 626 1801 688 hujus
1823 628 1886 675 ita
1912 629 1976 676 est

1041 693 1283 757 implicata
1309 725 1322 747 ‚
1349 704 1402 740 ut
1436 694 1615 749 nullum
1648 693 1977 742 Alexandrum

1040 762 1105 808 M.
1122 760 1168 806 in
1185 771 1293 805 toto
1306 760 1422 805 orbe
1436 759 1652 807 inveniat
1666 791 1680 813 ‚
1694 758 1771 822 qui
1786 758 1971 808 nodum

1038 828 1163 874 hunt
1187 823 1423 876 Gordium
1452 821 1541 874 rite
1562 823 1797 876 dissolvat.

1107 889 1395 941 UndeBern.
1408 888 1439 939 l.
1468 908 1486 941 1
1499 928 1509 942 .
1526 891 1584 938 de
1600 888 1863 942 Consid,ad
1883 888 1974 938 Eu.

1041 971 1147 1021 gen,
1173 956 1273 1003 ait:
1307 957 1667 1005 Sacramentum
1693 955 1788 1003 hoc
1811 955 1971 1003 Trini-

1039 1024 1151 1070 tatis
1167 1035 1392 1083 magnum
1417 1020 1477 1068 est
1493 1057 1508 1081 ‚
1529 1022 1853 1069 venerandum
1869 1037 1970 1069 non

1038 1086 1305 1142 scrutandu,
1324 1084 1511 1134 scrutari
1528 1088 1621 1134 hoc
1633 1087 1878 1136 temeritas
1890 1087 1970 1146 est,

1039 1154 1232 1202 credere
1257 1152 1405 1229 pietas
1420 1185 1432 1207 ‚
1450 1151 1577 1200 nosse
1591 1152 1688 1200 vita
1710 1164 1901 1200 aeterna.

1096 1219 1142 1281 Si
1166 1231 1285 1279 ergo
1320 1218 1532 1266 facundis
1550 1216 1835 1266 Oratoribus
1858 1218 1978 1282 liga-'

1035 1295 1095 1332 tae
1111 1283 1210 1330 sunt
1226 1283 1396 1344 linguae
1412 1319 1428 1342 ,
1447 1282 1632 1345 illisque
1646 1281 1881 1334 silentium
1898 1285 1969 1334 in-

1033 1350 1150 1396 dicit
1163 1347 1451 1411 Augustinus
1474 1348 1671 1395 scribens
1702 1348 1867 1409 inpsal.
1897 1366 1969 1410 35.

1035 1412 1164 1475 Qnd
1177 1413 1347 1474 quaeris
1363 1425 1417 1457 ut
1439 1411 1653 1458 ascendat
1673 1413 1720 1458 in
1738 1413 1974 1477 lin—guam,

1037 1476 1168 1541 quod
1195 1467 1449 1523 secundum
1474 1475 1672 1524 Paulum
1700 1478 1748 1525 in
1775 1493 1859 1528 cor
1878 1480 1967 1541 ho-¹

1037 1543 1178 1592 minis
1205 1557 1301 1589 non
1330 1539 1552 1589 ascendit-

1100 1606 1523 1669 SiTheologorum
1550 1604 1736 1655 subtiles
1762 1607 1966 1672 specula-

1035 1673 1195 1722 tiones
1226 1673 1453 1734 reprobat
1482 1672 1809 1722 devotiffimus
1832 1674 1964 1722 Tho-

1033 1735 1175 1787 masa
1196 1736 1395 1801 Kempis
1414 1739 1443 1787 l.
1462 1753 1557 1791 με.
1588 1739 1831 1795 1.dicenS,
1852 1741 1966 1803 quid

1033 1802 1217 1867 prodest
1239 1803 1325 1850 tibi
1350 1805 1445 1851 alta
1464 1803 1523 1852 de
1546 1804 1790 1852 Trinitate
1813 1805 1965 1870 dilpu-

1034 1882 1160 1926 tare,
1185 1868 1217 1916 s1
1239 1883 1398 1916 careas
1419 1868 1717 1931 humilitate,
1746 1871 1872 1919 uncie
1894 1871 1965 1919 di-

1034 1936 1225 1999 {pliceas
1244 1933 1487 1982 Trinitati.

1096 1999 1143 2048 Si
1170 2000 1217 2047 in
1242 1997 1554 2063 Philosophos
1579 1998 1825 2049 invehitur
1845 2005 1961 2052 Am-

1032 2063 1213 2113 brosius
1240 2065 1320 2113 lib.
1347 2066 1404 2113 de
1428 2065 1519 2128 Job
1540 2078 1582 2120 e.
1606 2084 1649 2128 9.
1672 2067 1766 2115 hoc
1794 2067 1964 2132 myste-

1032 2131 1157 2179 rium
1181 2130 1423 2179 intelletfiu
1449 2130 1529 2179 suo
1552 2133 1962 2195 comprehendere

1032 2197 1307 2259 cupientes,
1320 2212 1375 2245 ac
1391 2197 1470 2252 ait,
1485 2196 1705 2246 nonlicet
1719 2199 1855 2248 vobis
1877 2215 1962 2248 cu·

1031 2256 1197 2310 riofit’is
1219 2262 1498 2327 investigare
1511 2296 1524 2317 ,
1539 2277 1643 2326 quae
1664 2264 1710 2312 in
1727 2265 1867 2312 terris
1880 2280 1960 2329 ge-

1031 2339 1201 2375 runtur
1228 2364 1243 2386 ,
1270 2331 1318 2376 &
1346 2324 1571 2377 curiosius
1596 2329 1833 2392 inquiritis
1857 2347 1962 2396 quae

1033 2390 1168 2456 super
1187 2392 1628 2456 coelumssguntum
1663 2396 1857 2456 timete;
1880 2400 1961 2459 qui

1031 2458 1260 2569 lqrutator
1273 2458 1334 2505 est
1347 2458 1612 2521 majestatis,
1625 2460 1920 2525 opprimetur
1932 2454 1960 2512 ἒι

1082 2538 1206 2577 oria,

1031 2537 1061 2587 g
1094 2589 1139 2635 Si
1155 2585 1236 2650 ipfi
1250 2587 1497 2651 Seraphini
1511 2588 1629 2638 stant
1649 2607 1810 2639 coram
1825 2594 1962 2642 thro-

1029 2654 1184 2702 noDei
1199 2655 1244 2701 &
1257 2654 1626 2704 contremiscunt
1641 2672 1695 2704 ac
1708 2656 1848 2706 facies
1863 2660 1960 2708 luas

1024 2734 1119 2785 prae
1143 2719 1311 2767 intima
1331 2721 1597 2771 reverentia
1621 2722 1702 2770 alis
1732 2720 1819 2770 suis
1843 2740 1959 2773 con-

1178 2784 1268 2834 Lll
1307 2803 1336 2838 2
1762 2793 1961 2856 tegunt?
