2168 3005
172 111 277 170 ³5⁶
934 100 1012 152 ΙΝ

179 205 292 242 utv
283 194 502 241 deatis&
514 193 763 243 censuretis
787 193 1109 257 cogitationes

177 257 458 311 hominum,
471 259 760 320 exspectate,
781 258 934 305 donec
946 258 1109 303 veniat

183 321 514 383 Dominus,(a)
528 337 600 387 qur
594 321 670 377 Εῇ
682 320 934 369 inumbrabit
945 319 1110 382 abscon·

185 383 280 430 dita
293 384 560 433 tenebrarum
570 422 584 446 ‚
618 386 672 441 ἒς
686 382 970 449 manifestabit
988 384 1112 448 confi-

180 445 249 495 Iia
272 445 473 495 cordium.

245 509 335 557 Per
347 513 551 574 Superos
572 526 693 576 rogo
709 526 828 566 vos,
856 513 1015 560 audite
1036 512 1114 559 vel

184 575 372 622 unicam
387 577 653 635 historiam,
686 569 866 625 &exea
882 580 1112 652 pruritum

187 639 322 688 vestri
351 642 584 688 temerarii
608 641 765 700 judicii
782 642 1018 704 corrigite

256 709 402 751 Anno
433 709 572 766 1604
596 705 827 752 Ordinem
849 704 1115 754 Annuntia-

189 778 345 816 tarum
385 767 527 829 (Viro
554 763 679 831 prius
712 763 740 817 ἑ
763 768 886 817 vivis
908 770 1113 829 (ublato)

190 832 389 879 instituit
404 832 550 881 Maria
569 834 629 880 de
643 833 880 894 Vidtoria‚
894 835 1116 881 Matrona

189 895 466 951 GenueniiS.
488 898 577 957 (b)
646 896 787 946 Haec
775 912 897 946 inter
916 899 1004 946 alia
1023 900 1117 961 pie

189 963 302 1008 tatis
314 975 474 1023 opera,
486 963 719 1024 gaudebat
731 962 899 1010 servire
912 964 1119 1026 aegrotis,

192 1037 247 1072 ut
279 1027 436 1087 paffim
465 1041 700 1089 aegrorum
733 1027 1040 1076 Consolatrix
1073 1030 1120 1075 ὃ(

191 1090 349 1136 Mater
363 1091 612 1139 diceretur.
649 1092 835 1139 Accidit
852 1093 1119 1152 aliquando,

196 1165 251 1201 ut
275 1153 555 1217 intelligeret
573 1154 781 1203 Puellam
807 1158 1041 1220 quandam
1063 1157 1122 1202 de

194 1219 407 1281 corporis
421 1223 469 1267 &
481 1219 647 1268 animae
661 1220 904 1269 sanetitate
918 1220 1121 1282 despera-

196 1294 313 1342 tam,
326 1284 470 1331 morti
497 1285 589 1357 jam
603 1285 809 1333 vicinam
822 1287 1121 1340 decumbere,

195 1347 445 1396 advolavit
458 1339 598 1410 ergo,
626 1352 872 1399 &invenit
890 1351 1124 1424 speetacu-

195 1410 295 1459 lum
311 1411 621 1459 milerandum
644 1443 657 1467 ,
698 1425 862 1475 quarta
882 1417 1008 1460 enim
1030 1413 1123 1471 jam

196 1476 273 1522 die
286 1477 538 1523 duraverat
555 1488 778 1527 extremae
793 1475 1125 1540 desperationis

197 1544 246 1592 ὃ(
281 1540 463 1589 insaniae
497 1541 628 1589 {cena
659 1576 703 1600 ,
728 1541 1124 1590 circumstantium

199 1605 545 1667 comploratio,
568 1609 616 1654 δί
637 1618 689 1654 ut
711 1604 943 1655 fierisolet
956 1606 1127 1663 ,variae

199 1669 485 1730 εοηῇεᾶυτε
502 1672 559 1717 de
572 1684 766 1734 aegrota

267 1734 362 1782 Alii
388 1735 711 1791 existimabant
738 1735 951 1783 miseram
973 1731 1129 1782 exiisse

203 1798 263 1849 de
277 1801 449 1847 mentis
463 1800 636 1861 potesta
645 1813 716 1854 te,
732 1802 806 1848 alii
821 1801 1130 1847 autumabant

205 1863 332 1912 illam
345 1863 541 1910 occultis
565 1865 740 1911 turbari
758 1863 1047 1911 conscientiae
1061 1862 1131 1908 sti-

209 1929 366 1981 mulis,
379 1927 452 1974 alii
469 1928 724 1976 credebant
737 1929 798 1976 ob
809 1929 1028 1991 graviora
1041 1927 1132 1973 sce·

205 1992 306 2042 leta
327 2007 428 2038 eam
448 1990 535 2038 effe
549 1996 882 2053 promeritam,
910 2007 991 2039 cur
1007 1991 1134 2038 Deus

208 2073 288 2104 vu
280 2059 398 2103 'tum
423 2058 479 2104 ab
501 2071 554 2102 ea
579 2061 626 2106 &
650 2057 848 2127 gratiam
875 2066 1134 2112 averteret;

210 2121 412 2175 acceffit,
425 2138 467 2183 q
460 2122 552 2168 uod
568 2122 656 2168 vila
668 2119 724 2168 lit
739 2135 899 2175 omne,
912 2119 1136 2183 quidquid

211 2187 369 2232 Amici
385 2186 527 2232 boni
519 2201 564 2231 m
582 2201 742 2234 aurem
757 2187 1040 2249 ingererent,
1053 2197 1137 2231 ex-

215 2246 365 2298 treme
384 2249 596 2300 aversari

280 2317 403 2361 inter
426 2326 602 2362 coetera
638 2313 946 2362 exhibebatur
968 2311 1139 2360 milerae

217 2379 313 2427 Chr
326 2379 411 2423 isti·
403 2395 446 2425 ιη
462 2392 597 2425 cruce
611 2377 858 2439 pendentis
873 2373 1140 2441 effigies,sed

222 2443 515 2490 aversabatur
538 2444 610 2489 illa
634 2445 937 2491 servatorem
953 2473 968 2495 ,
1002 2453 1141 2503 quem

224 2519 376 2571 neque
387 2521 487 2554 ocu
496 2507 529 2551 is
544 2507 654 2568 api
654 2519 741 2553 ere
753 2505 1055 2569 dignabatur.
1076 2503 1143 2564 ju-

1075 99 1312 150 FESTO

199 157 2080 189 mm

1162 192 1339 238 bebant
1369 204 1474 238 eam
1495 191 1657 239 saltem
1688 187 1847 241 osculo
1866 193 2118 249 tenenti

1163 254 1284 302 sacra
1301 254 1513 309 vulnera,
1530 256 1602 302 sed
1615 257 2085 307 osezoculosilhoc·

1162 319 1397 371 eludebat,
1411 321 1522 389 quin
1536 320 1688 382 (quod
1702 320 2046 384 horrendum)
2035 336 2086 369 m

1164 385 1339 430 ineram
1369 381 1606 446 effigiem,
1643 399 1754 432 cum
1772 386 1989 434 omnium
2011 384 2116 434 ad·

1166 447 1382 494 stantium
1395 458 1633 506 tremore,
1660 441 1819 512 saepius
1845 449 2001 512 turpia
2014 462 2095 497 ex·

1166 511 1357 574 spuebat
1380 513 1690 574 phlegmata,
1730 513 1936 578 denique
1960 510 2124 565 omni

1167 577 1316 650 gestu
1310 579 1355 623 δί
1369 589 1487 624 nutu
1507 577 1778 625 ostendebat
1800 577 1843 625 se
1854 577 1999 625 odisse
2014 590 2096 625 ex.-

1169 632 1336 699 treme,
1351 641 1436 715 qui·
1444 656 1529 704 pro
1541 642 1634 702 ipia
1647 641 1859 691 extrema
1869 641 1983 690 esset
1996 641 2096 701 pa(-

1170 706 1274 755 fus:
1310 707 1549 752 neminem
1576 706 1699 753 inter
1724 706 1960 755 anstantes
1980 706 2100 753 Tra·
2132 754 2139 774 ι

1169 770 1326 831 goedia
1349 770 1450 817 haec
1477 771 1624 833 magis
1646 771 1884 819 cruciabat
1905 805 1921 828 ,
1952 783 2096 833 quam
2133 785 2140 833 g

1172 835 1369 881 Mariam
1394 835 1454 881 Vi
1447 834 1694 891 estonam,
1722 849 1825 897 quae
1847 846 1904 882 ut
1923 835 2098 882 milerae
2136 845 2139 850 ·

1171 912 1198 945 3
1213 898 1338 944 Deo
1328 912 1605 959 impetraret
1618 900 1839 961 gratiam,
1859 913 1957 946 non
1971 899 2103 960 prim
2132 911 2141 918 “

1175 958 1405 1024 agenibus
1419 965 1640 1018 surrexit,
1665 962 1905 1011 doneciibi
1922 965 2103 1010 reddita

1174 1027 1260 1076 est·
1295 1028 1587 1090 interrogata
1610 1031 1667 1074 ab
1688 1029 1851 1075 amicis
1876 1042 1960 1074 cur
1979 1018 2102 1075 adt-b
2147 1043 2168 1073 ·.

1174 1107 1200 1138 3
1221 1092 1486 1139 Salvatoris
1510 1090 1665 1153 effigie
1687 1090 2024 1147 abhorruisset,
2049 1105 2104 1138 ac
2154 1097 2159 1111 ¹

1174 1155 1340 1231 sputa
1328 1169 1492 1204 meam
1514 1155 1747 1217 ejecissem
1782 1155 2038 1216 Respondit
2061 1155 2102 1202 le

1175 1220 1347 1268 intimo
1370 1221 1514 1267 corde
1540 1223 1714 1281 [emper
1726 1219 1963 1268 Christum
1991 1220 2105 1268 ada·

1176 1281 1331 1340 maile,
1354 1298 1520 1330 verum
1532 1284 2000 1332 adfuissedaemonem
2021 1283 2102 1330 fibi

1177 1346 1562 1406 adspectabilem,
1589 1348 1667 1409 qui
1682 1349 1791 1394 sese*
1779 1361 1903 1396 inter
1914 1362 2101 1396 crucem

1177 1413 1225 1457 ὃ(
1241 1409 1377 1469 ipsam
1393 1410 1724 1470 interposuerit
1738 1414 1963 1468 medium,
1973 1415 2019 1459 ὃ(
2033 1413 2098 1458 lo·

1177 1488 1236 1523 co
1248 1468 1478 1521 Crucifixi
1500 1472 1708 1521 osculum
1720 1473 2004 1533 sollicitarit,
2029 1477 2106 1523 cui

1178 1553 1287 1586 cum
1302 1539 1455 1585 nollet
1466 1537 1751 1593 consentire,
1766 1553 1853 1586 nec
1865 1538 2027 1601 posset,
2041 1538 2105 1587 fa·

1179 1604 1310 1657 &um
1324 1602 1436 1657 effe,
1459 1615 1513 1650 ut
1536 1603 1582 1650 in
1597 1603 1953 1651 detestationem
1967 1606 2105 1678 petiti

1180 1669 1403 1729 improbi,
1426 1667 1733 1739 sputaineum
1748 1669 2019 1726 conjecerit,
2035 1668 2106 1716 fu-

1180 1744 1344 1793 gatum
1371 1726 1513 1792 paulo
1532 1732 1628 1792 post
1652 1731 1793 1778 Vi&
1784 1732 1875 1778 riae
1883 1734 2108 1806 precibus

1185 1795 1613 1858 turpemonstrum,
1629 1795 1809 1868 seque1
1779 1790 1898 1841 sibi
1880 1812 1906 1842 a
1924 1798 2024 1843 Deo
2038 1811 2109 1844 re·

1184 1860 1408 1909 stitutam.
1476 1859 1541 1906 En
1567 1874 1795 1922 quantum
1813 1861 2053 1907 humana
2040 1875 2110 1921 ju·

1186 1925 1305 1972 dicia
1317 1935 1502 1981 errent,
1524 1925 1637 1971 dum
1653 1939 1740 1972 nec
1757 1924 1906 1972 oculis
1930 1939 2018 1971 nec
2029 1940 2111 1972 au-

1189 1991 1311 2037 ribus
1333 1988 1615 2051 coeterisque
1643 1987 1842 2038 sensibus
1880 1981 1992 2037 tuto
2013 2002 2112 2037 tre·

1189 2057 1300 2102 dere
1316 2051 1565 2115 postumus.

1254 2117 1630 2164 Concedendum
1665 2113 1787 2165 forte
1824 2116 1960 2165 vobis
1999 2114 2111 2164 esset

1190 2182 1411 2243 judicium
1428 2219 1445 2241 ,
1482 2179 1513 2226 fi
1536 2182 1604 2228 ita
1631 2182 1787 2229 felices
1806 2181 1955 2229 essetis
1978 2181 2024 2227 in
2045 2182 2111 2234 iu·
2161 2219 2163 2222 Α

1151 2247 1160 2261 ·
1192 2249 1422 2298 dicando,
1449 2246 1520 2292 uti
1545 2245 1965 2306 perhibetur-effes.
1982 2247 2112 2307 Apo·

1192 2311 1332 2359 stolus
1345 2313 1378 2356 'l'
1391 2312 1570 2358 homas,
1619 2312 1820 2369 Audite,
1845 2310 1955 2372 quid
1974 2310 2034 2354 de
2053 2322 2112 2356 eo

1194 2376 1393 2422 scribant
1450 2372 1699 2433 Dionysius
1747 2370 2114 2434 carthusianus,

1195 2438 1506 2486 Ribadeneira
1518 2439 1560 2484 δι
1575 2437 1841 2485 Pelwartus
1853 2438 1911 2484 de
1921 2436 2112 2485 Temes-

1196 2518 1320 2556 war
1343 2502 1418 2563 (c)
2058 2563 2077 2610 Ι

2079 2578 2111 2612 ιι

355 2635 434 2693 (a)
463 2648 502 2682 1.
519 2634 612 2682 Cor.
629 2652 671 2690 4.
735 2634 810 2696 (b)
839 2638 908 2680 Ita
921 2631 1083 2694 refert
1069 2644 1109 2676 m
1134 2632 1235 2677 vita
1257 2630 1340 2694 ejus
1367 2633 1416 2679 P.
1434 2624 1688 2678 Ferdinand
1698 2624 1866 2678 Melete
1890 2631 1938 2677 S.
1942 2631 1990 2694 J.
2006 2628 2116 2678 eo·-
2166 2659 2168 2661 -

218 2697 415 2762 seffarim
429 2693 635 2750 Vifforiae
702 2700 783 2758 (c)
818 2693 1268 2745 Barnabasxearnm
1287 2691 1444 2753 infeli.
1461 2695 1510 2743 S.
1522 2692 1667 2742 rbem.
