2198 3005
679 163 726 210 δ’
758 156 1028 226 JOANNIS
1061 153 1401 205 BAPTISTAE.

888 287 942 320 ac
966 262 994 319 ὲ
1047 256 1246 304 nardum
1259 291 1276 314 ,
1292 261 1458 302 tantum
1478 253 1611 303 lucere
1627 268 1787 303 vanum
1799 262 1970 308 tantum

897 351 993 384 non
1046 318 1193 369 ardere
1217 329 1393 384 parum3
1431 317 1583 366 ardere
1620 318 1674 374 85
1708 320 1840 369 lucere
1871 329 1969 386 [πεν->

145 282 317 330 Adesto
357 294 483 331 nunc
504 277 714 325 universe
727 275 851 323 orbis

77 346 261 408 Joanne
286 344 466 406 regulas
494 340 643 389 salutis
668 340 868 395 addisce;

75 402 223 458 solum
247 410 304 454 ad
327 409 449 469 ripas
466 406 681 465 jordanis
705 417 784 452 aut
809 416 1001 458 carcere-

73 473 395 520 Macheruntis
417 470 600 518 resonat
623 484 718 516 vox
741 465 989 518 clamantis

72 538 117 584 in
141 535 322 584 deserto
340 573 353 591 ‚
380 535 451 583 (ed
484 538 529 582 ὅ(
552 531 694 582 hodie
718 533 848 581 vocis
872 530 988 577 illius

69 602 202 648 Echo
227 614 358 647 aures
380 596 587 647 filiorum
612 601 759 645 Adam
783 596 986 648 vellicat,

70 670 119 715 &
146 667 203 713 ad
232 664 467 713 faciendos
486 662 670 711 *fruCius
692 664 856 725 dignos
889 674 988 722 poe-

69 731 282 777 nitentiae
314 732 568 789 hortatur;
610 727 641 773 fi
688 728 812 773 enirn
852 725 984 787 quin-

67 796 266 856 quennis
316 795 536 858 parvulus
584 789 726 839 fasciis
762 791 987 837 innocen-

34 903 40 906 .
63 861 141 906 tiae
162 861 315 906 adhuc
346 859 586 906 involutus
608 893 622 915 ‚
659 872 716 903 ne
730 855 892 900 mundi
919 854 984 914 pi-

61 938 116 970 ce
151 925 552 970 contaminarerur
585 922 630 967 in
664 921 810 982 sylvas
836 921 881 966 &
916 918 981 964 so-

60 988 283 1035 litudines
345 989 385 1034 lc
438 988 615 1047 recepit
656 982 985 1046 poenitentiam

59 1051 286 1100 aeturus?
315 1052 425 1114 quid
460 1051 598 1097 faciet
629 1047 875 1109 progenies
910 1043 985 1091 illa

60 1117 329 1178 viperarum
358 1148 373 1170 ‚
403 1130 503 1176 quae
536 1114 583 1160 in
616 1124 817 1159 veterno
849 1107 984 1156 (cele-

62 1195 167 1227 rum
193 1194 273 1240 per
299 1193 373 1227 10.
399 1196 467 1236 η.
496 1190 571 1225 20.
588 1190 661 1235 30.
677 1187 826 1220 annos
849 1186 979 1221 com-

66 1242 333 1305 putrescens
369 1242 428 1288 nil
455 1242 610 1287 minus
634 1230 773 1302 quam
802 1239 861 1284 de
886 1251 983 1299 poe·

61 1308 284 1355 nitentias
316 1305 527 1353 facienda
551 1303 828 1355 somniavit?
855 1301 888 1349 fi
911 1303 982 1350 in-

57 1370 163 1419 sons
186 1375 234 1420 δι
257 1371 440 1433 peccati
470 1367 644 1416 nescius
668 1359 733 1414 itti
755 1363 911 1414 severe
930 1367 978 1413 in

56 1449 227 1499 corpus
251 1434 381 1482 suurn
409 1431 769 1480 animadvertit:
798 1445 858 1477 an
880 1444 978 1477 non

56 1503 386 1562 &peccatores
411 1491 555 1560 rigide
591 1505 779 1556 peccata
810 1507 975 1554 praete-

62 1565 153 1611 rita
178 1563 399 1624 castigent
421 1561 436 1605 ?
460 1565 508 1608 &
538 1559 814 1608 laudabilem
834 1558 973 1615 Joan-

70 1630 142 1675 nis
159 1625 448 1689 poenitentiae
460 1624 703 1678 imitoncur
715 1622 969 1673 servorem,

55 1708 117 1741 ne
135 1691 285 1739 forsan
321 1688 486 1736 securis
510 1689 567 1734 ad
593 1686 800 1733 radicem
834 1688 970 1734 arbo-

54 1757 117 1806 ris
167 1754 317 1818 pofita
367 1743 518 1798 subito
568 1751 752 1797 aridum
792 1751 970 1798 incidat

8 1831 10 1841 ²
55 1833 278 1869 truncum
310 1815 497 1866 aeternis
537 1813 741 1862 flammis
778 1815 970 1863 destina-

57 1897 177 1933 tum.
259 1894 283 1903 ”“

119 1965 308 2014 Discant
332 1952 357 2011 a
380 1962 561 2026 Joanne
594 1960 744 2022 Reges
766 1964 814 2010 &
847 1960 975 2009 Prin·

0 2036 3 2040 “
53 2031 180 2093 cipes
207 2066 222 2088 ‚
257 2028 320 2075 nil
359 2027 700 2090 praecipitanter
733 2041 839 2072 curn
881 2026 976 2073 He·

54 2096 171 2142 rode
201 2106 365 2155 agere,
400 2092 632 2138 moderari
666 2090 737 2137 sua
761 2091 972 2143 decreta,

54 2158 122 2211 nil
154 2148 332 2205 temere
349 2158 498 2218 jurare
523 2190 536 2211 ‚
563 2166 643 2200 aut
667 2156 972 2214 promittere,

55 2237 116 2270 ne
158 2223 219 2269 ob
252 2220 508 2282 respecium
543 2217 740 2264 honoris
769 2221 972 2280 patiatur

54 2287 304 2340 innocens„
337 2288 385 2333 ὃ(
416 2283 613 2346 longum
644 2281 855 2344 sequatur
884 2294 972 2348 Ρα-

54 2359 207 2398 nuere.

121 2434 312 2485 Discant
326 2428 537 2494 &Ioanne
551 2433 732 2482 sacratae
747 2434 852 2482 Deo
867 2449 970 2498 per-

54 2501 175 2549 ionae
197 2533 210 2555 ‚
240 2512 294 2547 ut
327 2500 417 2547 fint
451 2502 648 2547 lucernae
679 2500 895 2548 ardentes
920 2503 969 2549 δε

55 2563 263 2612 lucentes
275 2597 291 2621 ‚
315 2565 395 2627 (a)
408 2563 461 2624 eft
473 2564 573 2611 enim
594 2556 845 2612 secundum
861 2565 968 2613 Ber-

189 2690 263 2748 (a)
310 2694 359 2738 S.
382 2688 624 2740 Bernartius
657 2690 789 2755 serm,
825 2685 876 2740 de
905 2691 1166 2743 Nativitate
1198 2642 1250 2748 ἐ.
1275 2691 1458 2755 loannis
1493 2691 1709 2759 Baptistae,
1770 2697 1862 2760 (b)
1893 2712 1942 2753 2.

50 2751 147 2821 leg
181 2765 254 2803 12.
283 2768 337 2817 79

1878 170 1971 217 ¹33

1042 381 1212 446 feffism⁴

1113 447 1306 495 Discant
1345 445 1549 508 superbae
1569 446 1777 508 Junones
1799 483 1813 504 ‚
1863 450 1966 515 quae

1040 513 1261 560 mollibus
1277 512 1558 564 induuntur,
1576 512 1621 558 in
1648 512 1776 575 bysso
1797 518 1844 562 ὃ(
1859 531 1966 578 pura

1043 591 1155 638 pura
1183 576 1449 636 superbiunt
1473 608 1487 630 ‚
1513 574 1718 640 luxucjue
1748 582 1963 641 corporis

1042 639 1278 689 indecenti
1320 639 1649 688 innocentibus
1697 642 1754 688 ad
1790 654 1966 693 tartara

1040 706 1164 752 viam
1201 705 1412 752 sternunt
1435 739 1452 762 ,
1481 705 1848 755 exorbitantiam
1886 724 1967 756 ve-

1039 770 1172 817 stium
1206 768 1442 816 moderari
1466 801 1481 823 ‚
1518 772 1564 817 δε
1603 773 1821 818 coercere
1843 805 1857 828 ,
1887 788 1967 822 me

1039 836 1182 882 moris
1218 833 1400 880 hirlatae
1430 833 1563 881 vestis
1586 838 1634 883 δί
1672 849 1805 885 zonae
1830 838 1958 900 pelli-

1039 913 1131 947 ceae
1154 899 1393 955 Iohannis,

1113 960 1305 1009 Discant
1336 960 1478 1006 bibuli
1511 961 1770 1010 Helluones
1806 965 1961 1026 impo-

1037 1026 1204 1073 sterum
1218 1024 1381 1073 colore
1403 1027 1791 1087 temperantiam,
1820 1030 1961 1092 &Jo-

1037 1089 1170 1138 annis
1196 1089 1370 1141 imitari
1389 1086 1691 1138 sobrietatem
1714 1104 1728 1150 3
1752 1094 1866 1140 dum
1887 1095 1958 1142 vi·

1031 1153 1153 1201 'dent
1174 1153 1361 1201 tantum
1377 1153 1659 1216 prophetam
1674 1155 1880 1212 locustis,
1905 1174 1962 1208 ac

1034 1216 1173 1267 melle
1210 1215 1410 1281 sylvestri
1438 1231 1721 1269 contentum
1742 1254 1756 1277 ,
1782 1219 1959 1273 sobrios

1033 1280 1284 1334 traduxisse
1305 1282 1418 1330 dieS.

1077 1347 1294 1414 'Discant
1317 1340 1557 1406 aloanne‚
1591 1347 1856 1408 clamante,
1880 1367 1964 1402 non

1020 1408 1117 1472 fiem
1130 1448 1143 1469 ‚
1159 1409 1482 1465 demissionem
1495 1415 1541 1459 &
1556 1412 1874 1462 humilitatem
1890 1417 1959 1465 su·-

1029 1475 1159 1536 perbi
1190 1488 1402 1538 pavones
1427 1505 1442 1530 ,
1481 1474 1591 1522 licet
1613 1476 1796 1524 enimie
1829 1493 1962 1545 mag-

1028 1554 1117 1592 nos
1156 1539 1356 1585 “credant
1378 1573 1394 1595 ‚
1433 1537 1624 1601 grandia
1653 1543 1846 1590 nomina
1872 1540 1956 1593 fin.

1022 1615 1139 1665 gant
1155 1620 1168 1663 3
1185 1602 1321 1649 fateri
1333 1614 1493 1650 tamen
1508 1593 1679 1649 ultimo
1693 1618 1949 1667 coguntur,

1024 1668 1065 1713 se
1097 1667 1163 1714 nil
1186 1665 1302 1723 effe,
1325 1661 1466 1730 quam
1502 1666 1710 1716 cinerem
1732 1672 1778 1718 ὅ(
1800 1669 1957 1723 lutum

1024 1743 1179 1780 terrae.
1202 1739 1218 1748 ·“

1091 1795 1282 1843 Discant
1323 1789 1526 1856 denique
1566 1783 1593 1842 ἆ
1629 1789 1812 1855 Joanne
1847 1800 1956 1849 omi

1025 1873 1110 1907 nes
1156 1873 1397 1922 praecones
1442 1858 1572 1906 verbi
1609 1861 1756 1910 divini
1789 1863 1955 1915 zelum

1024 1924 1220 1972 honoris
1256 1923 1343 1971 Dei
1355 1938 1369 1982 3
1403 1938 1501 1970 non
1535 1922 1626 1972 sint
1659 1939 1797 1975 canes
1827 1930 1954 1978 muti

1027 2005 1124 2037 non
1170 1988 1386 2037 valentes
1421 1987 1594 2035 latrare
1633 1989 1762 2038 Isaias
1804 2007 1845 2040 c.
1873 2002 1948 2054 56.

1027 2066 1108 2101 ant
1141 2052 1465 2114 correptiones
1507 2053 1760 2115 aenigmate
1791 2056 1946 2106 invol-

1026 2129 1167 2174 vanr3
1183 2117 1253 2163 sed
1265 2132 1372 2164 cum
1386 2117 1576 2167 Nathan
1593 2111 1755 2179 aperte
1769 2121 1945 2180 dicant,

1028 2183 1110 2245 (b)
1134 2184 1172 2227 T
1168 2195 1195 2226 u
1214 2196 1254 2228 es
1279 2182 1348 2229 ille
1369 2182 1441 2228 vir
1464 2195 1479 2239 ;
1507 2183 1728 2246 exemplo
1746 2184 1941 2245 Joannis

1025 2246 1245 2295 clament.

1087 2314 1186 2358 Non
1216 2307 1315 2355 licet
1347 2304 1431 2356 tibi
1469 2307 1677 2357 Domine
1719 2312 1943 2374 pollicem

1022 2372 1186 2486 {pyere
1210 2372 1365 2433 domi,
1387 2385 1470 2422 aut
1488 2373 1675 2434 januam
1694 2377 1942 2430 observare

1071 2451 1195 2485 icini.

1081 2507 1179 2550 Non
1191 2500 1289 2547 licet
1310 2498 1390 2546 tibi
1401 2494 1593 2562 bJudex
1606 2514 1804 2555 munera
1827 2507 1944 2558 recis

1021 2579 1130 2628 pere
1153 2569 1200 2613 ὅ(
1224 2564 1421 2628 prodere
1439 2563 1685 2627 justitiam.
1811 2572 1819 2585 ¹
1931 2565 1942 2572 ‘

1841 2637 1942 2684 Non
