2198 3005
557 139 602 202 s.
640 133 956 187 APOSTOLI
991 133 1501 190 BARTHQOMAEL‘·

11 292 13 296 .
39 234 41 236 ¹
79 273 81 276 ⁴
127 252 236 295 um,
263 248 461 298 qUOrum
491 232 656 279 manus
694 236 742 281 δί
770 237 910 295 pedes
940 246 1010 278 ca·
1056 234 1190 283 litut.
1256 235 1430 279 Audite
1453 228 1770 284 Alexandrum
1794 234 1851 282 ab
1871 236 1979 282 Ale..

12 304 31 321 ”
98 311 222 349 tenae
244 312 298 345 ac
326 296 512 345 vincula
530 295 782 359 stringunt3
803 309 920 358 quos
933 295 1012 342 de-

76 363 380 424 ‘defatigai'os
402 358 473 407 fiti
506 373 561 406 ac
582 359 706 407 fame
727 393 742 415 ,
772 359 937 425 pugnis
961 362 1009 406 &

0 446 11 499 ᾗ
70 426 281 474 ·fustibus
303 425 582 470 inhumanus
603 424 735 471 miles
760 422 1007 486 propellit3

0 531 7 558 b

0 561 12 586 1:

0 588 7 608 ἱ,
14 600 16 602 .

0 629 9 689 ἱ,

93 501 176 538 aut
199 488 351 551 quiin
373 488 574 535 tenebris
597 491 643 536 &
665 487 922 536 carceribus
947 485 1007 532 se-

93 555 211 601 dent
223 550 323 598 solis
338 563 418 599 aut
431 552 551 598 lunae
570 552 747 599 radium
765 563 1004 612 nunquam

90 618 330 664 intuentes
347 649 360 671 ,
373 612 463 662 sem
484 629 564 676 per
577 617 832 663 clamantes
843 615 899 662 ad
913 628 1003 660 coe-

91 681 191 727 lum
211 711 225 733 ‚
248 678 345 726 ediec
370 680 419 724 de
442 677 629 736 custodia
655 682 835 727 animam
858 691 1004 726 meam.

89 746 160 804 (a)
184 742 362 790 Miseria
383 743 590 804 grandis!

163 807 299 854 Hane
339 807 525 853 'turbam
575 805 875 868 insequuntur
913 804 1001 852 viri

125 883 261 918 xores
293 868 389 917 suas
421 869 610 917 discolas
646 871 862 916 omnibus
891 869 1001 916 diris

38 934 416 993 ,‹devoventes;
452 947 509 979 ex
543 946 673 994 parte
706 933 850 980 alterii
882 933 1000 979 stant

87 1012 259 1046 uxores
280 995 475 1043 maritos
499 997 865 1058 blasphemantes
882 1032 894 1052 ,
918 996 997 1045 fas-

86 1075 163 1108 ces
175 1061 375 1108 clavium
389 1060 622 1106 monstran
631 1061 995 1112 tes,maritorum

87 1124 318 1186 capitibus
351 1123 625 1172 illidendos:
660 1123 728 1168 Ex
755 1124 845 1168 alia
868 1134 997 1182 parte

87 1187 212 1246 jacet
237 1188 372 1239 turba
397 1186 566 1232 ultimo
587 1199 790 1231 moerore
822 1186 883 1230 ob
913 1186 1001 1230 ini·

85 1265 201 1312 quas
216 1248 571 1309 persecutiones,
590 1247 908 1294 fraudluentas
923 1248 1001 1294 de-

58 1316 60 1318 ’
85 1315 333 1375 ρτεῐῑῐοηεε
357 1344 372 1365 ,
407 1315 454 1358 &
492 1311 730 1371 injustitias
754 1310 997 1371 confecta,

83 1377 247 1438 justum
269 1375 497 1438 Judicium
518 1375 766 1436 appellans,

150 1441 268 1486 Ecce
298 1440 350 1484 hi
380 1453 544 1484 omnes
575 1438 832 1484 remedium
865 1436 995 1484 mis'e·

83 1504 163 1550 riae
178 1503 262 1548 suae
273 1502 509 1563 inquirunt
524 1532 539 1553 ,
551 1500 768 1547 consolari
788 1502 997 1562 cupiunt.

85 1565 193 1613 Huc
227 1565 366 1626 igitur
396 1562 544 1610 adeste
568 1564 800 1624 Tympani
833 1566 993 1611 sonum

84 1630 311 1693 percipite
329 1661 343 1682 ,
368 1626 593 1688 absterget
610 1627 662 1672 iis
674 1642 838 1674 omnes
862 1627 993 1674 dolo·-

80 1708 152 1742 res
165 1726 178 1746 ,
201 1692 342 1752 sopiet
359 1703 523 1736 omnes
543 1687 765 1741 miserias.

143 1757 255 1802 Non
277 1754 417 1803 credo
437 1767 539 1800 vos·
560 1752 855 1816 despecturos
878 1769 993 1802 con-

0 1831 2 1835 ’
79 1818 227 1867 filium
252 1830 410 1865 meum
429 1852 443 1873 ‚
468 1815 500 1863 si
517 1829 678 1864 mente
702 1818 986 1872 revolvatis,

80 1885 127 1931 id
149 1883 274 1945 quod
297 1882 353 1928 de
370 1880 733 1930 Tarantularum
751 1893 990 1930 venenato

78 1943 231 1996 morsu
254 1944 398 1993 refert
429 1944 684 1992 Kircherus
712 1949 759 1993 ὃ(
790 1946 890 1999 alii,
911 1947 988 2008 qui

79 2005 199 2060 adei)
213 2008 411 2056 exitialis
426 2008 488 2055 est
508 2009 775 2057 hominibus
794 2043 806 2064 ,
833 2021 886 2056 ut
906 2010 990 2056 rni-

80 2077 290 2123 serrimos
313 2086 396 2119 eos
410 2073 598 2127 reddat,
622 2074 782 2120 varriis
796 2075 988 2120 horren-

80 2140 150 2186 dis
173 2136 560 2201 symptomatibus
584 2132 831 2192 conficiat,
857 2137 987 2183 dolo-

80 2204 204 2250 ribus
233 2199 538 2247 ineffabilibus
561 2201 753 2246 divexet
773 2233 787 2254 ‚
820 2215 874 2247 ac
907 2201 985 2247 de·

76 2257 209 2314 mum
241 2276 444 2312 mortem
475 2263 818 2311 lamentabilem
854 2264 981 2310 indu-

80 2342 172 2378 cat.

142 2392 199 2438 Et
219 2404 376 2438 tamen
401 2390 492 2437 hoe
516 2392 691 2452 grande
714 2390 886 2437 malum
900 2405 984 2436 nec

74 2447 102 2505 ὲ
119 2456 320 2503 theriaca
343 2454 652 2511 Mithridatis,
680 2469 764 2500 nec
786 2445 811 2500 ὲ
834 2454 984 2513 lapide

73 2522 246 2566 Bezoar
272 2519 417 2564 ullum
456 2517 779 2576 adjumentum
818 2530 898 2562 aut
924 2518 985 2563 le-

74 2596 246 2633 vamen
269 2581 500 2635 admittit,
525 2574 615 2627 sola
638 2577 808 2629 Musici
836 2581 982 2644 repelf

199 2705 279 2768 (a)
316 2705 425 2769 Psal.
451 2721 561 2763 141.

1884 151 1980 195 ‚233

1063 296 1243 343 xandro
1269 295 1429 341 testem
1454 298 1695 345 oculatum
1718 334 1735 358 ,
1769 297 1880 361 quid
1919 300 1979 346 de

1062 374 1172 407 cura
1190 360 1359 406 borum
1374 359 1646 408 miserorum
1669 363 1793 410 dicat
1806 364 1861 413 δί-
1878 362 1982 414 scri-

1062 424 1142 471 bat
1159 424 1186 476 l.
1213 436 1256 471 2.
1279 438 1317 470 c.
1354 440 1424 481 17·
1451 423 1635 486 Genial.
1657 427 1851 475 dierum-
1947 444 1949 446 ’

1124 486 1247 534 Cum
1272 501 1353 549 per
1367 488 1550 549 Apuliae
1574 502 1765 549 campos
1785 491 1860 536 sub
1876 488 1973 537 dles

1058 550 1342 598 caniculares
1376 552 1465 597 iter
1497 551 1755 599 faceremus
1777 587 1790 609 ,
1837 555 1973 600 undi-

1058 629 1148 676 que
1184 616 1383 661 vidimus
1410 615 1581 676 oppida
1616 619 1664 663 δε
1687 619 1818 663 vicos
1845 628 1973 678 tym-

1057 678 1204 739 panis,
1225 673 1381 725 fistulis
1395 693 1447 725 ac
1466 678 1590 725 tibiis
1614 680 1969 732 circumsonare,

1054 743 1119 788 rei
1144 740 1320 789 causam
1344 743 1739 805 interrogantibus
1756 739 1970 801 responsu

1054 806 1113 853 est
1151 805 1511 853 Tarantularum
1550 808 1719 853 morbo
1767 805 1963 853 asterstos

1054 869 1261 931 undique
1275 884 1354 930 per
1368 871 1538 930 oppida
1561 872 1709 917 curari
1727 905 1741 926 ‚
1765 883 1970 932 cumque

1054 934 1149 991 ejus
1178 933 1242 978 rei
1277 929 1426 995 gratia
1452 934 1496 979 in
1532 948 1702 995 pagum
1736 935 1971 995 quendam

1053 997 1406 1049 diverteremus,
1421 998 1774 1043 inveniebamus
1796 996 1968 1044 adoles·

1051 1072 1237 1106 centem
1271 1062 1438 1106 morbo
1472 1060 1689 1119 ejusmodi
1715 1060 1963 1115 affectum,

1054 1123 1129 1182 qui
1153 1121 1284 1168 velut
1314 1124 1560 1183 repentino
1598 1125 1754 1171 surore
1777 1122 1892 1174 idrus
1913 1137 1968 1174 ac

1053 1196 1212 1231 mente
1237 1187 1524 1233 abalienatus
1547 1221 1561 1243 ‚
1585 1187 1795 1248 corporis
1829 1199 1967 1235 motu

1055 1263 1152 1294 non
1179 1249 1402 1296 indecoro
1435 1265 1656 1298 manuum
1698 1251 1965 1313 pedumque

1054 1313 1250 1374 gestebus
1272 1315 1327 1359 ad
1345 1314 1643 1376 Tympanum
1669 1314 1859 1362 (astabat
1875 1351 1889 1371 ‚
1915 1317 1964 1362 &

1050 1391 1157 1422 cum
1182 1378 1506 1424 vehement³us
1528 1377 1830 1438 Tympanurn
1857 1393 1966 1440 qua-

1051 1450 1255 1495 teretur,
1283 1440 1412 1485 velut
1446 1440 1526 1488 illo
1556 1440 1682 1500 pulsu
1714 1441 1964 1487 demulceri

1049 1502 1230 1548 animus
1262 1506 1309 1549 &
1342 1503 1474 1549 leniri
1504 1502 1642 1551 dolor
1685 1505 1926 1550 videretur
1947 1538 1963 1559 ‚

1048 1563 1202 1611 sensim
1229 1568 1274 1611 &
1295 1557 1474 1627 placide
1494 1580 1626 1613 aures
1643 1579 1872 1628 tympano
1886 1568 1964 1613 ad·

1046 1642 1268 1682 movere,
1306 1643 1419 1675 mox
1441 1641 1606 1688 caput,
1630 1644 1794 1676 manus
1815 1633 1860 1676 δι
1886 1644 1963 1690 pe-

1046 1692 1126 1738 des
1150 1693 1315 1741 crebro
1348 1705 1482 1739 motu
1505 1705 1782 1748 concutere,
1812 1697 1858 1740 ὃ(
1882 1693 1963 1739 de-

1043 1746 1175 1801 mum
1209 1755 1250 1802 se
1280 1758 1325 1802 in
1353 1757 1513 1803 saltum
1545 1756 1765 1803 attollere
1788 1757 1957 1818 coepit,

1044 1820 1233 1866 interim
1268 1821 1346 1882 qui
1388 1819 1690 1882 Tympanum
1720 1820 1960 1882 pulsabat,

1042 1897 1150 1929 cum
1174 1884 1354 1944 pausam
1384 1882 1583 1942 faceret,
1613 1879 1806 1945 repente
1832 1896 1959 1931 atto-

1042 1947 1144 1992 nito
1168 1950 1214 1994 δε
1245 1946 1444 2007 stupenti
1490 1946 1646 1993 similis
1679 1948 1837 1994 animo
1872 1947 1958 1993 lin-

1042 2011 1120 2072 qui
1144 2013 1187 2056 &
1217 2009 1342 2057 sensu
1371 2010 1550 2058 destitui
1583 2011 1727 2072 coepit
1750 2044 1763 2065 ,
1785 2011 1958 2057 resum-

1042 2086 1126 2135 pto
1156 2087 1314 2120 tamen
1338 2087 1592 2136 tympano,
1616 2087 1730 2119 mox
1751 2073 1956 2134 pristinas

1038 2138 1160 2184 vires
1177 2140 1368 2199 recepit.
1395 2138 1560 2185 Tneod
1590 2136 1820 2198 ZWinger
1838 2150 1955 2184 tom.

1039 2219 1085 2261 4.
1111 2205 1289 2253 volum.
1323 2218 1360 2260 5.
1389 2203 1446 2248 de
1467 2200 1638 2248 Musica
1672 2200 1750 2248 fol.
1781 2215 1920 2260 ¹292·

1104 2264 1198 2319 lam
1224 2268 1322 2311 AA.
1357 2266 1523 2312 edicite
1550 2265 1664 2311 mihi
1689 2301 1699 2322 ‚
1731 2264 1842 2324 quid
1867 2278 1952 2309 vo·

1038 2328 1104 2373 bis
1134 2328 1331 2374 videtur.
1400 2331 1474 2373 An
1500 2344 1596 2375 non
1624 2328 1810 2373 dolores
1825 2340 1948 2372 mor-

1038 2392 1204 2436 borum
1221 2424 1233 2443 ,
1259 2390 1402 2436 aculei
1427 2391 1730 2438 affletionum
1754 2422 1767 2444 ,
1787 2391 1953 2437 adver·

1038 2453 1223 2501 fitatum
1254 2469 1305 2498 ac
1338 2455 1691 2502 tribulationum
1722 2487 1735 2511 ,
1772 2470 1829 2500 an
1856 2469 1951 2500 non

1040 2517 1141 2564 sunt
1169 2516 1334 2563 similes
1363 2518 1581 2564 venenati
1611 2519 1809 2571 morsus,
1834 2531 1950 2578 quos

1038 2579 1252 2644 inffigunt
1290 2581 1359 2689 ἓξ
1393 2580 1604 2628 exitiales
1645 2581 1947 2628 Tzzrantulae?

1358 2656 1388 2704 g
1847 2657 1946 2705 quae
