2198 3005
680 112 1108 164 VISITATIONIS
1145 112 1192 165 Β,
1220 112 1286 166 M,
1316 113 1374 167 V,

866 192 941 200 ω..-
948 193 1033 199 ·--—
1039 189 1205 200 ——-—-

81 207 200 267 verb
224 217 452 280 lapidibus
481 217 688 266 animam
709 215 1004 278 (Latronis)

15 318 19 323 ⁴
82 282 296 334 attraxit.

81 346 257 395 Omnia
298 342 467 406 san-ste,
488 345 647 393 omnia
666 344 832 403 docte,
846 343 1005 456 ognnia

813 447 816 451 ,
899 422 1003 459 ene.

145 465 327 520 Verum
345 472 493 536 magis
507 472 685 520 arridet
709 489 837 522 mens
851 475 893 520 S.
910 476 1008 519 An-

0 563 8 582 1.
76 538 206 586 selmi
232 538 290 583 de
315 539 478 589 exceli.
508 537 637 598 Varg.
668 540 816 601 magis
855 540 1010 601 placet

7 614 10 619 ·
79 602 210 662 quod
236 602 444 664 loquitur
468 600 710 650 Hefichius
734 617 852 652 tom.
886 617 931 650 2.
959 601 1007 649 B.

77 665 128 719 Β,
148 666 206 711 de
221 665 338 717 laud.
358 666 420 713 M.
450 665 508 716 V.
524 719 538 723 ⁷.

145 730 295 791 Magis
312 730 545 792 approbo,
580 730 708 791 quod
745 728 1008 776 Cardinalis

81 790 246 840 Petrus
263 794 480 842 Damiani
495 793 626 845 serm,
641 796 698 840 de
719 792 827 856 pass,
843 795 1007 840 Domi-

2 902 10 906 ,
76 857 124 902 ni
140 857 334 905 testatur
362 894 376 916 ‚
399 851 577 907 idcir-:o
608 856 864 905 Latronem
894 857 1001 905 refi-

76 919 231 983 puMse,
275 917 336 967 eo
359 925 485 984 quod
512 922 659 968 Maria
686 922 843 985 Virgo·
882 923 1005 969 inter

79 984 284 1032 Crucem
298 986 469 1033 Christi
488 990 533 1033 ὃ(
547 986 769 1032 Latronis
790 985 937 1046 posita
951 982 1002 1032 fi-

76 1048 191 1095 liurn
217 1064 301 1110 pro
334 1048 1002 1110 Latronefitdeprecata,hoc

77 1114 160 1159 luo
172 1111 402 1160 beneficio
426 1114 670 1175 antiquum
685 1113 904 1161 Latronis
919 1114 1000 1160 ob·

74 1174 396 1240 sequium,quo
411 1177 636 1239 rugientes
652 1169 998 1239 inAEgyptumfi

71 1242 257 1289 coeteris
280 1242 574 1301 praedonibus
609 1238 822 1288 defendit
844 1241 993 1288 acho-

72 1304 208 1367 spitio
241 1302 429 1364 suscepit
451 1303 876 1365 recompensatura,
892 1319 996 1352 ver-

71 1370 130 1415 ba
166 1370 257 1431 ipsa
296 1370 457 1416 audite
494 1368 670 1430 piissimi
701 1368 995 1416 Cardinalis=

69 1431 217 1482 Latro
252 1433 300 1480 in
328 1434 482 1481 Cruce
507 1431 757 1479 conversus
778 1432 839 1478 est
868 1468 884 1490 ,
921 1431 995 1478 sed

69 1497 183 1544 cur?
217 1512 300 1544 cur
312 1513 407 1542 non
424 1494 747 1558 refipuit,cum
768 1495 931 1558 JEium
946 1496 993 1542 in

70 1564 148 1607 via
171 1560 442 1624 sequebatur
470 1561 486 1604 ?
524 1574 631 1605 cum
654 1575 760 1605 eum
788 1560 992 1607 Crucem

70 1625 299 1672 ferentem
313 1624 462 1670 vidit?
495 1638 548 1670 ac
572 1623 850 1681 respondet,
876 1635 992 1670 tune

70 1690 368 1737 convertitur
404 1687 552 1734 Latro
575 1686 677 1741 ille,
713 1702 820 1735 cum
844 1687 991 1735 Maria

66 1754 199 1816 juxta
223 1751 427 1800 Crucem
459 1751 617 1811 stabat,
635 1766 689 1800 ac
725 1767 810 1814 pro
843 1765 903 1799 eo
929 1753 987 1799 de

66 1824 342 1881 precabatur
382 1815 533 1864 frium
576 1852 590 1874 ‚
643 1816 718 1879 qui
756 1816 985 1864 inclinato

64 1881 224 1942 capite
256 1896 467 1928 annuens
489 1913 504 1935 ,
557 1881 619 1927 nil
656 1882 984 1938 denegandum

66 1945 170 1994 fore
198 1946 523 2008 peccatoribus
545 1945 845 2003 monstravit,
877 1945 907 1991 fi
930 1946 986 1993 ad

66 2009 161 2057 hoc
184 2011 417 2074 refugium
458 2009 759 2073 peccatorum
793 2011 986 2058 accede-

10 2075 15 2078 *
67 2088 189 2125 rent.

135 2142 238 2187 AA.
272 2137 317 2185 Si
345 2137 478 2186 vobis
506 2135 731 2186 haetenus
767 2151 864 2184 non
887 2136 990 2189 satis

67 2201 129 2251 est
166 2201 415 2264 probatum
433 2239 448 2260 ,
490 2202 684 2250 Mariam
721 2202 765 2249 in
780 2201 899 2250 binis
920 2202 991 2252 his

64 2264 306 2317 montibus
350 2266 543 2315 titulum
575 2266 737 2329 refugii
773 2281 990 2329 peccato-

65 2346 169 2380 rum
193 2330 282 2378 effe
297 2332 604 2393 promeritam
619 2368 635 2390 ,
653 2331 884 2379 ascendite
903 2335 987 2380 ob-

63 2395 192 2446 secro
204 2409 389 2444 mecum
401 2397 554 2444 adhuc
570 2400 615 2444 ὅτ
641 2397 686 2444 in
711 2397 918 2453 tertium,
937 2399 988 2446 δι

62 2459 332 2510 monstrabo
345 2462 481 2509 vobis
499 2461 827 2509 adCavernam
842 2477 986 2525 quan-

64 2526 174 2573 dam
186 2524 335 2573 aureis
351 2525 498 2573 literis
522 2526 648 2574 hunc
661 2525 855 2574 titulum
874 2540 981 2576 exa·

62 2602 219 2638 ratum
228 2603 271 2702 b:
290 2588 544 2656 Refugium
561 2602 868 2656 peccatorum
891 2607 980 2643 ora

61 2668 152 2720 pro
162 2668 224 2705 no
258 2665 310 2703 u.

1893 135 1987 181 151

1828 192 1985 208 υ-.-,,-

1126 213 1283 267 Μοηε,
1298 214 1353 259 ad
1374 229 1513 274 quem
1528 218 1780 273 tendimus,
1792 215 1855 266 est
1876 232 1982 280 per-

1059 277 1214 339 petuis
1242 279 1426 340 ignibus
1465 282 1512 326 &
1547 281 1760 342 sulphure
1795 283 1982 333 infamis

1056 343 1260 400 AEthna,
1285 344 1333 390 in
1349 342 1443 390 hoc
1455 357 1618 392 monte
1643 347 1775 395 miles
1787 341 1979 408 Quidam

1063 408 1427 465 exauthoratus,
1435 406 1683 470 Dionysius
1695 412 1909 471 nomine,
1923 427 1985 463 cx

1061 471 1209 518 milite
1254 469 1403 518 faCtus
1458 474 1616 532 praedo
1660 505 1675 527 ‚
1717 473 1982 534 speluncam

1063 535 1298 596 quandam
1334 536 1536 596 elegerat
1569 536 1774 584 futuram
1808 538 1883 586 fibi
1908 557 1980 588 re-

1064 600 1362 659 ceptaculum
1387 601 1665 660 praedarum,
1678 647 1681 649 ,
1694 615 1752 648 ex
1765 603 1852 651 hac
1867 604 1982 652 Pha-

1062 678 1116 709 ro
1140 663 1414 710 oblervabat
1426 679 1591 711 omnes
1611 664 1916 723 transcuntes,
1931 673 1980 719 ὃ(

1059 726 1092 773 fi
1115 728 1216 789 quis
1244 719 1367 774 forte
1380 728 1437 774 ad
1453 727 1633 775 infidias
1651 732 1749 791 ejus
1772 732 1980 788 devenit,

1059 791 1218 839 adium
1232 803 1332 838 erat
1360 791 1418 837 de
1441 806 1499 839 eo
1519 826 1535 848 ‚
1557 808 1664 841 nam
1694 796 1895 844 tractum
1920 800 1980 847 ad

1056 870 1308 904 cavernam
1370 853 1494 903 suam
1557 872 1672 905 mox
1706 859 1978 924 jugulabat,

1057 922 1186 983 pejor
1204 919 1289 978 jllis
1307 918 1598 968 Latronibus
1628 924 1674 970 in
1692 922 1978 984 Jerichunti-

1057 999 1117 1031 na
1150 986 1253 1039 via,
1287 983 1366 1046 qui
1396 983 1622 1035 semivivo
1653 987 1817 1036 relicto
1853 992 1977 1040 abie-

1056 1061 1184 1097 runt.

1117 1110 1436 1174 Negotiorum
1478 1108 1610 1162 causa
1646 1115 1909 1178 compulsus
1931 1134 1977 1168 e-

1052 1188 1124 1224 rat
1146 1173 1453 1238 periculosum
1482 1178 1572 1227 hoc
1596 1180 1688 1227 iter
1718 1182 1833 1228 inire
1856 1184 1980 1232 Mer·

1051 1253 1187 1289 cator
1223 1240 1412 1303 quidam
1444 1241 1720 1293 Catanenfis
1744 1250 1972 1309 Aegidius

1049 1305 1274 1366 nomine3
1303 1304 1618 1355 diffvadebant
1641 1311 1772 1358 omni
1793 1313 1979 1363 ratione

1050 1370 1227 1418 infame
1242 1370 1332 1417 iter
1355 1371 1493 1419 amici
1512 1375 1560 1419 Sc
1578 1375 1790 1437 cognati,
1804 1388 1977 1437 utpote

1050 1435 1177 1493 quod
1205 1432 1393 1493 plurimi
1420 1429 1481 1480 eo
1505 1427 1662 1495 issent,
1686 1439 1759 1485 sed
1782 1454 1880 1488 non
1904 1458 1976 1490 re-

1048 1497 1259 1557 djisient3
1294 1499 1555 1545 monebant
1577 1512 1630 1547 ut
1653 1499 1811 1549 saltem
1834 1508 1975 1555 armis

1046 1555 1195 1619 probe
1226 1559 1267 1606 se
1300 1565 1509 1608 muniret
1544 1566 1603 1609 ad
1632 1569 1826 1614 omnem
1874 1572 1974 1622 vim

1045 1622 1260 1671 hostilem
1301 1624 1658 1687 propulsandam
1683 1662 1698 1684 ‚
1732 1631 1900 1692 quibus
1935 1636 1974 1685 is

1044 1704 1142 1736 non
1165 1686 1289 1734 aliud
1308 1683 1683 1755 reposuit.qu2⁸1m
1698 1692 1730 1740 fi
1745 1696 1870 1743 Deus
1883 1712 1973 1762 pro

1043 1754 1199 1810 nobis,
1225 1752 1327 1811 quis
1344 1767 1511 1802 contra
1534 1770 1650 1814 nos,
1672 1756 1734 1808 fic
1757 1758 1861 1810 Deo
1894 1767 1970 1813 ire

1039 1831 1114 1867 tus
1126 1819 1172 1865 in
1186 1818 1314 1866 viam
1328 1817 1375 1877 le,
1389 1818 1494 1867 dedi
1500 1830 1536 1873 t.
1906 1861 1909 1863 .

1104 1880 1286 1931 Olfecit
1312 1897 1429 1930 mox
1447 1885 1669 1947 pinguem
1693 1887 1815 1937 hanc
1835 1903 1950 1954 prae-

1040 1949 1146 1995 dam
1172 1940 1199 1993 ἂ
1225 1938 1366 2010 longe
1392 1948 1578 1997 infamis
1601 1950 1677 1998 hic·
1692 1952 1847 2002 Cacus
1867 1991 1882 2014 ,
1901 1959 1952 2005 δι

1040 2009 1280 2061 εκίῃίῑάξίε
1310 2013 1436 2060 notis
1471 2014 1768 2064 deturbatam
1805 2033 1864 2066 ex
1893 2035 1942 2067 e-

1041 2093 1152 2140 quo,
1185 2078 1297 2124 tune
1314 2078 1374 2123 ad
1392 2077 1563 2125 collum
1579 2079 1772 2142 alligato
1794 2085 1851 2130 ad
1874 2081 1969 2146 spe-

1044 2142 1181 2189 laeum
1195 2139 1324 2188 suum
1337 2142 1584 2204 pertraxit,
1598 2150 1755 2205 gulam
1770 2145 1833 2194 illi
1849 2161 1965 2211 prae·

1043 2206 1238 2260 risurus,
1263 2220 1369 2252 cum
1383 2208 1608 2270 Aegidius
1630 2207 1675 2255 in
1691 2221 1828 2258 tanto
1845 2214 1961 2273 peri-

1043 2273 1153 2321 culo
1188 2271 1246 2319 ad
1271 2271 1466 2319 Mariam
1511 2271 1764 2323 conversus
1798 2278 1963 2325 multis

1042 2336 1260 2402 lacrymis
1282 2350 1420 2398 opem
1445 2336 1543 2395 eius
1570 2336 1615 2383 in
1627 2341 1852 2388 extremis
1876 2345 1964 2391 im-

1039 2398 1376 2463 plorat,a&um
1391 2402 1501 2448 dele
1523 2401 1615 2461 jam
1637 2417 1790 2452 ratus:
1821 2409 1867 2453 &
1886 2422 1961 2455 ec-

1037 2480 1091 2514 ce
1114 2467 1224 2512 dum
1245 2465 1336 2524 jam
1361 2465 1436 2512 (ub
1482 2467 1634 2514 cultro
1657 2466 1874 2518 Latronis
1896 2473 1960 2520 fa-

1036 2530 1179 2579 talem
1203 2529 1348 2578 ustum
1373 2531 1634 2592 exspectat,
1665 2543 1796 2581 totus
1820 2551 1959 2585 mons

1035 2595 1277 2644 horrendo
1314 2605 1450 2643 terrae
1472 2609 1610 2643 motu
1660 2602 1958 2658 concutitur,

1035 2660 1253 2711 dissiliunt
1272 2661 1376 2710 saxa
1397 2661 1631 2711 Caverna
1648 2693 1662 2719 ‚
1700 2678 1755 2712 ac
1775 2679 1872 2714 vox
1890 2669 1959 2728 ig-

1836 2744 1952 2781 nota
