2198 3005
227 101 324 175 ²²8

225 280 304 317 tur
330 265 437 319 ille,
471 261 551 322 qui
579 260 773 323 pauperi
798 261 996 324 porrigit
1036 262 1150 307 hau-

223 333 342 380 stum
363 326 563 390 frigidae,
607 325 719 387 quid
743 324 835 383 illa,
860 339 962 388 quae
991 323 1149 387 Virgi-

226 407 320 443 neo
335 390 455 439 laete
472 388 709 438 Christum
726 388 938 450 potavit?

285 457 547 518 Exigebant
572 467 687 515 ergo
704 454 803 499 haec
817 451 982 499 Matris
1001 451 1140 497 meri·

218 531 296 578 ta,
324 524 399 580 (a)
426 531 481 565 ut
524 518 571 564 in
608 516 797 564 Coelum
843 513 1149 563 assumeretur

222 583 486 644 Augustino
505 581 633 637 teste,
655 594 728 626 nec
751 580 861 626 enim
876 581 955 640 fas
980 578 1035 637 esi
1063 576 1146 624 ali-

227 645 324 694 cubi
340 657 384 694 te
407 645 480 706 effe
506 644 529 689 ὸ
557 646 717 707 Virgo,
739 643 863 705 quc'zm
885 642 941 689 ibi
959 681 969 697 ,
999 640 1070 688 ubi
1091 642 1146 697 el}

225 709 292 764 id,
312 709 424 773 quod
451 710 476 754 d
503 717 544 753 te
567 713 758 773 genitum
781 707 863 764 est:
901 721 994 753 non
1028 706 1146 752 divi·

225 776 378 822 denda
396 784 496 819 erat
508 770 804 819 caroChristi
821 804 834 825 ,
860 786 967 817 nam
992 773 1147 817 secun·

228 832 438 896 ἀύτηζὺ)
460 835 798 882 Bernardinum
811 835 991 885 Senenl.
1020 833 1050 880 fi
1066 849 1146 880 eo-

228 914 555 960 rum,qnorum
571 900 735 945 eadem
751 899 811 944 est
825 915 1005 957 natura,
1023 899 1146 945 idem

227 966 290 1012 est
319 965 471 1020 locus;
510 961 645 1022 ipfius
657 975 814 1009 autem
831 964 1046 1008 Mariae&
1065 960 1147 1008 filii

231 1029 321 1077 Dei
336 1027 500 1075 eadem
515 1026 576 1072 est
588 1040 699 1073 caro
714 1061 726 1084 ,
749 1040 864 1089 ergo
879 1027 1002 1073 idem
1022 1028 1150 1073 locus

226 1094 317 1140 erit
342 1129 356 1149 ‚
381 1101 666 1151 quapropter
687 1093 738 1137 Sc
762 1082 937 1136 merito
970 1095 1016 1138 ὃ(
1040 1092 1149 1138 loco

225 1156 500 1204 viciniffima
524 1169 564 1201 ef
578 1155 612 1199 it
628 1151 726 1199 filio
746 1150 942 1208 suo‚non
957 1154 1081 1202 {ecus
1094 1170 1149 1201 ac

228 1220 352 1269 stella
375 1218 545 1279 polaris
560 1217 673 1265 Polo
700 1217 794 1268 luo.

291 1282 466 1332 Decuit
496 1295 610 1344 ergo
637 1295 739 1327 eam
764 1281 894 1327 omni
919 1281 1067 1327 modo
1089 1281 1147 1326 ad

225 1349 375 1397 coelos
395 1344 569 1399 assumi,
595 1358 648 1392 ut
673 1343 704 1391 si
730 1343 850 1391 filius
879 1345 1092 1392 ostendat
1114 1344 1147 1389 i·

223 1426 331 1463 rato
350 1410 475 1457 Patri
503 1409 697 1455 vulnera
716 1444 730 1464 ,
758 1409 909 1454 Maria
935 1408 1149 1453 ostendat

222 1473 325 1525 filio
349 1472 510 1536 pectus
536 1476 581 1520 ὃ(
606 1474 769 1530 ubera,
786 1485 872 1518 nec
896 1471 1074 1532 poterit
1088 1468 1148 1516 es·

225 1541 268 1589 se
281 1536 470 1601 repulsa,
485 1538 551 1584 ait
572 1534 810 1583 Aru-oldus
825 1535 1025 1583 Carnot.
1052 1534 1148 1581 Un-

225 1607 284 1653 de
298 1597 544 1651 rediissime
569 1599 668 1646 Leo
686 1600 945 1661 Imperator
959 1600 1087 1651 hom.
1105 1602 1149 1650 6.

222 1672 319 1722 ait,
351 1665 413 1713 nil
436 1665 623 1726 jafiurae
649 1661 760 1710 fecit
790 1663 1016 1717 mundus,
1039 1676 1148 1708 nam

223 1731 393 1798 quibus
421 1741 474 1776 ut
503 1726 735 1793 prodeflet
772 1727 818 1774 in
855 1728 981 1774 hunc
1015 1741 1148 1773 mun·

228 1801 344 1846 dum
359 1794 514 1851 venit,
539 1792 703 1839 iisdem
717 1792 807 1850 jam
821 1806 964 1854 quoq3
994 1791 1040 1838 in
1055 1804 1149 1838 coe·

225 1865 325 1913 lum
360 1858 585 1905 translata
629 1855 941 1903 conducibilia
980 1870 1148 1915 procu-

227 1940 333 1976 rare
360 1936 600 1985 nunquam
624 1919 804 1967 desistet
839 1936 849 1971 :
903 1920 1049 1967 Vadit
1071 1918 1144 1966 illa

226 1994 275 2040 in
296 1988 465 2037 coelum
489 1999 647 2049 parare
661 1985 794 2031 vobis
811 1984 992 2034 locum:
1022 1983 1142 2030 Hinc

226 2043 403 2106 merito
429 2065 516 2097 nos
535 2049 801 2097 consolatur
820 2049 1034 2094 Bernard.
1069 2047 1143 2109 (c)

228 2121 501 2174 Advocatum
528 2114 723 2178 premifit
754 2115 1038 2179 peregrinatio
1070 2127 1142 2158 no-

223 2185 316 2246 stra
329 2215 344 2237 ,
362 2194 447 2243 que.
461 2175 823 2243 tanquamjudicis
843 2182 996 2223 Mater
1009 2178 1145 2236 effica-

225 2241 489 2307 citersalutffs
503 2244 646 2298 nostre
668 2241 839 2307 negotia
863 2238 1079 2289 tradabit.

293 2307 555 2368 Abstergite
590 2321 712 2352 nunc
750 2309 976 2367 lacrymas
1013 2303 1137 2349 deso·

228 2377 309 2425 lati
333 2371 572 2425 mortales»,
597 2370 807 2432 quaerelis
839 2371 971 2417 vanis
996 2363 1138 2414 finem

230 2438 474 2499 imponite,
507 2432 678 2482 ceflent
704 2433 945 2494 lamenta;
993 2432 1141 2479 Maria

228 2498 523 2554 hodiecoelos
543 2497 747 2547 ascendit
764 2533 778 2557 ,
816 2498 894 2558 (d)
918 2499 1065 2544 innixa
1072 2497 1146 2557 su-

1015 98 1093 146 IN
1128 95 1162 143 F
1177 96 1209 143 Ε
1225 93 1307 143 ST
1320 93 1370 142 O

1204 260 1285 311 les.
1350 256 1575 304 Gaudent
1598 256 2115 321 hodieAngdkhnn-
2154 0 2198 295 ἰ

1203 335 1281 368 tur
1304 321 1610 383 Archangeli,
1629 322 1746 383 'quia
1773 320 2112 385 Reginm'ae·
2185 318 2198 396 ἐ

1199 398 1456 447 ceperunt:
1489 386 1726 446 gaudeant
1769 387 1819 433 ὅτ
1865 380 1949 432 filii
1985 385 2111 441 Evoe,

1199 452 1305 511 quia
1335 449 1588 495 Patronam
1625 449 1948 512 praemiserunt
1981 448 2113 512 Mag·

1200 527 1259 561 na
1315 514 1443 559 enim
1487 513 1577 560 fuit
1627 527 1737 575 erga
1795 513 1985 563 miseros
2026 516 2114 560 mi·

1198 578 1446 626 sericordxa
1471 576 1629 624 Mariae
1644 579 1797 624 adhuc
1815 576 2049 625 exulantis
2069 577 2117 624 in
2180 576 2183 578 ’

1201 644 1397 698 mundo,
1424 637 1498 687 sed
1534 644 1682 699 major
1715 639 1776 688 est
1802 640 2119 688 misericordia
2189 636 2198 708 ff

1201 707 1299 765 ejus
1336 704 1573 767 regnantis
1596 708 1641 752 in
1677 706 1800 752 coelo
1822 740 1838 763 ,
1873 720 1970 766 quo
1990 706 2120 753 enim
2192 716 2198 734 ¹

1199 771 1368 817 melius
1399 783 1523 816 nunc
1552 770 1683 815 videt
1718 768 1893 817 nostras
1923 770 2113 818 calami·
2195 789 2198 811 ε

1200 847 1322 881 tates
1343 869 1358 891 ,
1401 830 1461 880 e'o
1498 829 1812 895 indulgentius
1844 833 2118 895 providebit

1201 899 1541 945 necessitatibus
1565 897 1746 951 nostris,
1771 898 1836 944 ait
1858 899 2119 950 Bonavent.
2168 921 2198 940 -ι

1270 962 1430 1008 Adeste
1458 977 1578 1008 nunc
1594 965 1641 1008 8(
1663 960 1880 1022 respirate
1893 963 2116 1010 Peccato-

1202 1039 1275 1072 res
1287 1026 1463 1079 mileri,
1490 1028 1770 1072 advocatam
1794 1024 2012 1086 praemisit
2038 1041 2114 1090 pe·

1203 1091 1458 1152 regrinatio
1493 1087 1642 1136 nostra
1665 1122 1678 1143 ,
1724 1089 1836 1150 quid
1866 1090 2028 1152 fugitis
2065 1093 2115 1138 δί

1200 1154 1478 1200 absconditis
1506 1168 1594 1199 vos
1626 1147 1653 1199 Ξι
1685 1152 1803 1199 facie
1823 1153 1992 1201 luroris
2016 1153 2117 1200 Do·
2188 1203 2198 1207 ,

1199 1218 1343 1264 mini?
1372 1219 1582 1263 accedite
1598 1217 1655 1261 ad
1672 1217 1890 1271 Matrem,
1913 1215 1944 1263 fi
1965 1212 2114 1264 filium
2193 1226 2198 1233 ‘

1201 1280 1535 1337 extimescitis;
1583 1279 1643 1324 est
1675 1281 1802 1327 enim
1827 1282 1980 1327 Mater
2014 1295 2117 1342 gra-

1197 1346 1291 1397 tiae,
1314 1344 1468 1391 Mater
1483 1343 1820 1401 misericordiae,
1832 1344 2057 1392 consolati
2068 1345 2116 1392 ix
2160 1368 2198 1402 ,κ

1203 1407 1481 1454 afflictorum
1504 1441 1520 1463 ,
1548 1406 1776 1469 refugium
1798 1421 2118 1469 peccatorum.
2169 1403 2198 1414 ’Ἴ

1268 1471 1310 1518 Si
1338 1470 1514 1517 timetis
1537 1470 1671 1515 vobis
1706 1472 1810 1516 coeli
1843 1473 1965 1518 iores
1995 1472 2118 1518 clau-

1204 1534 1267 1581 sas
1291 1570 1306 1592 ‚
1339 1535 1439 1581 haec
1472 1523 1720 1581 secundum
1745 1534 2031 1582 Bernardum
2055 1533 2118 1581 est

1204 1611 1337 1660 porta
1352 1599 1484 1655 coeii,
1511 1597 1655 1644 clavis
1692 1596 1916 1659 paradifi:
1963 1611 2116 1660 porta,

1204 1677 1308 1723 quae
1345 1675 1583 1723 nunquam
1611 1660 1846 1708 clauditur
1873 1662 2029 1726 usq3ad
2043 1677 2124 1709 ve-
2175 1695 2198 1705 e

1203 1727 1397 1789 speram,
1417 1727 1461 1771 id
1477 1723 1539 1772 est
1560 1722 1707 1771 finem
1724 1728 1834 1773 virae
1850 1759 1865 1780 ,
1881 1740 1933 1772 ut
1958 1730 2023 1775 ait
2041 1727 2117 1773 Ri-

1202 1787 1444 1837 chardusa
1465 1791 1504 1836 S.
1537 1787 1809 1836 Laurentio.
1875 1790 1920 1836 >i
1940 1790 2120 1852 Justitia
2196 1807 2198 1813 ·

1203 1855 1363 1901 divina
1386 1855 1444 1901 ad
1469 1853 1744 1916 promeritas
1759 1867 1922 1916 poenas
1942 1869 2030 1902 vos
2051 1855 2117 1902 ci·

1199 1932 1287 1973 tat,
1310 1915 1595 1977 Maria‚teste
1612 1917 1814 1978 Ephrem
1827 1918 1944 1981 Syro
1970 1918 2031 1966 est
2051 1921 2116 1966 A·

1197 1984 1341 2047 lylum
1361 1985 1408 2031 8<
1435 1980 1687 2045 hospitium
1714 1995 2033 2044 peccatorum.
2067 1983 2112 2030 Si

1197 2062 1359 2095 arcum
1382 2044 1513 2094 suum
1535 2047 1750 2095 extendit
1775 2047 2034 2106 Dominus,
2060 2059 2114 2094 ut

1197 2111 1396 2158 inebriet
1435 2112 1622 2173 sagittas
1653 2112 1749 2158 luas
1781 2110 2000 2176 sanguine
2026 2112 2128 2160 imo.
2191 2165 2198 2170 ,

1198 2177 1399 2236 piorum,
1416 2176 1515 2221 haec
1529 2174 1717 2236 sagittas
1735 2189 1922 2225 avertet
1934 2168 2109 2225 avobis

1199 2243 1246 2287 &
1267 2239 1487 2287 retinebit
1511 2239 1899 2298 manumJudiciS.
1936 2241 2109 2288 Haecin

1198 2298 1414 2351 omnibus
1431 2304 1788 2351 adversitatibus
1801 2304 1957 2352 vestris
1967 2340 1983 2362 ,
1998 2305 2042 2352 in
2055 2319 2109 2351 o·

1195 2370 1381 2415 mnibus
1409 2368 1649 2431 periculis,
1677 2370 1724 2415 in
1752 2369 1884 2416 omni
1903 2369 2110 2432 angustia

1198 2437 1244 2480 δι
1271 2432 1588 2493 persecutione
1610 2433 1743 2480 velut
1774 2430 1923 2480 fidelis
1941 2433 2108 2481 Ariad-

1199 2513 1258 2545 na
1279 2498 1490 2562 porriget
1519 2495 1656 2544 vobis
1675 2492 1811 2546 filum
1830 2498 2038 2551 toeleste.
2057 2499 2108 2546 8(

1947 2573 2109 2618 eruet.

349 2625 435 2686 (a)
464 2626 512 2673 S.
535 2627 648 2686 Aug.
713 2625 803 2686 (b)
849 2621 1101 2676 Bernardin.
1137 2628 1311 2689 Senens.
1339 2628 1453 2675 som.
1476 2638 1522 2680 3.
1543 2625 1643 2675 Ser,
1664 2639 1709 2681 3.
1771 2623 1860 2687 (Q
1901 2626 1950 2673 S.
1973 2629 2106 2680 Bere.

216 2687 460 2759 serm.1,de
473 2685 679 2752 Affiampt.
743 2690 836 2752 (d)
868 2691 991 2744 Cant.
1006 2697 1050 2742 8.
1060 2704 1105 2751 5.
