2198 3005
178 141 279 202 266
323 200 327 203 Α

562 218 734 229 -—---

111 277 116 280 -
183 232 320 293 dores
331 231 380 294 δέ
390 243 601 291 flammas
615 241 773 290 animo
785 241 1008 292 invictus?
1022 243 1099 291 dic

177 310 313 357 nobis
337 308 527 356 obsecro
539 307 618 369 ubi
639 307 699 359 est
724 307 929 363 maxima
950 306 1099 359 Forti-

179 374 297 425 tudo
318 370 430 422 tua?

241 434 521 487 Auditores!
540 434 679 482 ardor
693 433 813 495 ignis
828 469 842 490 ,
857 436 904 481 &
919 433 1100 482 violen-

178 511 230 547 ta
277 498 467 547 flamma
495 498 732 559 intercipit
765 498 998 559 loquelam
1018 532 1030 552 ‚
1056 501 1104 545 &

182 565 327 615 verba
339 561 615 611 sanctissimo
646 562 843 629 Martyri
859 595 872 615 ‚
895 575 1105 609 tormen·

180 629 241 676 tis
262 627 536 689 consumpta
551 625 706 673 Hostia
729 625 774 673 in
799 625 921 677 latus
944 624 989 674 se
1002 641 1105 674 ver-

180 694 243 740 tit
264 691 461 743 alterum
479 690 749 754 ,oculisque
771 690 816 737 in
842 691 1016 740 coelum
1041 692 1099 743 le-

179 757 301 806 vatis
316 755 546 813 ,amicum
569 755 693 811 coelo
716 767 857 816 caput
887 754 1099 812 inflectit,

180 835 234 867 ac
266 819 471 872 animam
500 819 546 869 in
578 820 804 868 creatoris
830 819 892 866 sui
925 836 1093 870 manus

180 881 426 945 consignat
450 898 461 933 z
488 883 692 938 moritur
715 883 1021 941 Laurentius,
1047 900 1100 932 ac

181 950 234 996 in
252 946 402 1000 sacros
425 947 605 1001 cineres
627 947 723 995 abit
744 947 916 1003 Levita
929 947 1099 1004 Christi

177 1011 305 1061 mille
335 1010 466 1060 sertis
501 1011 801 1060 coronandus
834 1026 846 1063 ε
892 1011 1100 1060 nostrum

176 1090 305 1126 nunc
318 1078 408 1124 erit
421 1077 643 1140 indagare
655 1076 1101 1139 mentemstrespon-

178 1142 221 1189 sa
232 1140 628 1190 Sanetiffimorum
645 1141 981 1198 Patrum,unde
996 1155 1099 1187 tan-

176 1218 241 1264 ta,
257 1205 447 1270 tamdue
462 1204 639 1253 invidia
652 1204 897 1258 Fortitudo
910 1203 965 1251 fit
979 1205 1098 1258 Mar-

175 1266 298 1341 tyri,
323 1272 434 1317 dum
473 1267 716 1317 discursum
743 1271 868 1317 bunc
893 1270 1100 1332 pluribus

175 1334 595 1398 prosequor,etiam
608 1333 886 1407 patientiam
901 1333 1100 1390 vestram

176 1398 414 1456 exspeeco.

237 1461 417 1515 Edicite
438 1474 555 1522 ergo
576 1472 666 1507 vos
690 1457 923 1506 Do&ores
949 1461 994 1506 δι
1019 1459 1101 1514 Ee-

174 1524 319 1582 clefiae
344 1525 518 1573 lumina
539 1556 554 1584 ‚
580 1524 659 1570 ubi
690 1523 880 1577 creditis
909 1524 1099 1579 abscon-

175 1591 322 1643 ditam
335 1589 422 1636 effe
435 1588 765 1641 fortitudinem
777 1620 789 1641 ‚
805 1590 850 1633 8(
864 1587 1095 1635 invictum

173 1654 317 1709 animi
338 1655 480 1708 robur
493 1652 713 1713 Martyris
728 1651 1032 1705 illustrissimi?

237 1720 315 1765 An
340 1716 489 1765 forsan
512 1715 767 1767 autumatis
789 1715 1094 1769 Laurentium

173 1774 202 1831 ὲ
226 1779 378 1830 Matre
393 1781 465 1829 sua
479 1781 710 1836 Patientia
724 1813 736 1835 ,
764 1771 855 1831 ‚una
876 1795 983 1828 cum
998 1795 1095 1826 ma-

174 1860 313 1902 terno
325 1846 558 1899 ladiemos
569 1841 816 1908 generosos
830 1844 990 1893 suxiss'e
998 1844 1096 1897 ani-

178 1926 286 1960 mos
300 1945 313 1966 ,
327 1912 384 1958 ad
401 1911 592 1962 modum
607 1909 857 1971 Prophetae
872 1909 976 1957 Eliae
989 1945 1003 1966 ,
1019 1911 1094 1968 (a)

179 1975 255 2039 qui
268 1977 315 2022 in
328 1975 478 2023 Cunis
494 1973 788 2031 iacens‚visus
804 1974 863 2021 est
876 1989 962 2036 pro
978 1972 1097 2029 lacTte

180 2039 374 2088 nutricis
389 2076 404 2098 ,
422 2037 623 2087 flammis
638 2038 877 2100 &ignibus
899 2037 1028 2099 pasci.

897 96 986 191 rN
1051 139 1328 195 FEsTo

1148 244 1246 305 ejus
1271 238 1492 289 charitati
1512 272 1528 295 ,
1559 237 1651 306 quii
1683 253 1818 291 totus
1839 244 1899 294 'in
1919 240 2074 309 Ueu'm

1149 307 1412 361 ferebatur,
1449 300 1541 378 qui
1560 303 1726 373 Pedius
1756 308 1856 371 ‘5²²5
1887 304 2072 358 {aceen-
2152 331 2177 355 -„

1150 370 1249 419 sum
1262 368 1454 423 ardebat
1467 368 1678 429 interim,
1698 389 1806 422 nam
1821 376 1956 433 juxta
1968 371 2079 425 Pni-

1154 435 1458 498 loiophorum
1483 436 1679 488 effatum
1693 441 1931 495 ,comune
1947 438 2077 488 intus

1155 501 1352 547 existens
1368 498 1587 558 prohibet
1599 504 1910 550 extraneum?
1925 503 1996 563 (b)
2014 505 2081 551 ita

1159 556 1400 612 manifeste
1422 564 1588 612 sentire
1614 566 1804 613 videtur
1824 567 1864 615 S.
1884 560 2077 622 Leo.iti
2106 590 2110 592 ·
2178 604 2190 616 1

1159 629 1357 691 impium
1371 628 1670 676 Valerianum
1683 630 1923 694 alloquens
1931 627 2076 679 Flan-

1153 693 1235 746 ,mis
1251 694 1338 755 ejus
1338 695 1531 756 superari
1545 691 1777 743 charitatis
1792 692 2077 757 Chrifliflam·

1155 774 1221 806 ma
1240 758 1504 882 nonffpotui13
1527 757 1704 824 segnior
1718 758 1813 818 fuit
1836 759 1977 822 ignis,
1998 758 2077 824 qul

1142 824 1303 893 sorisu
1333 831 1393 876 ιτ,
1407 821 1534 889 quam
1554 825 1625 886 qui
1647 824 1763 870 intus
1787 820 2008 874 accendit.'

1223 885 1473 935 Coniennt
1486 887 1658 933 rationi
1677 884 1782 933 huic
1802 883 2078 935 Ambrosius

1153 948 1282 1000 serm.
1314 968 1383 1012 ¹9·
1410 951 1568 997 dicens
1588 987 1603 1008 ‚
1630 950 1822 997 ardebat
1851 947 2077 1006 extrinse-

1153 1027 1234 1060 cus
1259 1013 1430 1067 Beatus
1451 1013 1632 1076 Martyr
1649 1014 1863 1077 Tyranni
1892 1013 2079 1062 saevien»

1155 1079 1214 1124 tis
1231 1076 1456 1128 incendiis
1475 1112 1490 1134 ,
1505 1076 1576 1122 sed
1598 1079 1748 1138 major
1763 1077 1891 1123 illum
1908 1079 2075 1126 intrin-

1152 1142 1275 1187 secus
1298 1139 1470 1187 Christi
1505 1142 1679 1187 amoris
1707 1139 1902 1195 flamma
1927 1152 2079 1192 torre·

1152 1205 1261 1269 bat,
1274 1219 1382 1250 nam
1401 1205 1651 1250 secundum
1667 1205 1707 1250 S.
1723 1204 1984 1252 Maximum
1998 1204 2078 1255 uhi

1153 1283 1236 1323 cor
1269 1268 1399 1314 ardet
1421 1298 1436 1321 ,
1471 1268 1552 1331 (c)
1593 1271 1801 1316 membra
1832 1266 2075 1325 flammam

1153 1347 1252 1379 non
1277 1329 1493 1378 sentiunt.

1215 1391 1384 1448 Forsan
1411 1394 1505 1439 hoc
1539 1393 1804 1443 adscribetis
1829 1397 2073 1455 memorie

1152 1455 1374 1514 Paffionis
1395 1455 1614 1511 Domini,
1642 1471 1743 1519 quae
1768 1460 1929 1508 animo
1948 1460 2074 1508 Mar-

1150 1522 1270 1582 tyris
1295 1532 1481 1576 tantum
1514 1520 1658 1567 robur
1682 1519 2076 1578 subministravit?

1150 1586 1243 1633 hoc
1263 1585 1428 1633 [entire
1455 1584 1642 1639 videtur
1657 1583 1818 1639 Petrus
1839 1585 2076 1641 Blesl'enfit

1151 1650 1197 1696 in
1227 1663 1312 1708 cap
1356 1666 1395 1697 1.
1417 1647 1507 1710 job
1541 1649 1698 1697 dicens
1724 1684 1739 1708 ,
1771 1649 1856 1698 stat
1887 1651 2074 1725 Martyr

1149 1712 1346 1761 afflictus
1412 1713 1565 1759 uidem
1584 1745 1599 1767 ,
1628 1713 1701 1758 sed
1739 1713 1972 1771 invictus.
1999 1717 2071 1765 vi·

1146 1778 1357 1842 ¹densque
1406 1778 1656 1839 anguinem
1684 1777 1809 1823 suum
1834 1792 1894 1825 ex
1916 1780 2070 1829 diver·

1149 1840 1419 1903 fiscorporis
1432 1842 1637 1909 partibus
1655 1841 1965 1897 ebullire,non
1977 1841 2069 1900 sua,

1146 1906 1222 1961 sed
1238 1906 1571 1966 Redemptoris
1594 1905 1791 1952 vulnera
1814 1908 2036 1960 attendit.

1213 1969 1899 2033 AssentiturAugustinusserm
1954 1973 2070 2022 nde

1148 2035 1330 2083 Sanffls
1364 2035 1524 2082 dicens
1550 2051 1560 2081 :
1594 2031 1681 2080 [Ibi
1701 2039 1888 2094 Μάνην
1917 1993 2071 2094 {bristi

244 2106 320 2151 An
352 2100 501 2158 forsan
534 2104 685 2150 induit
709 2103 936 2150 'naturam
975 2101 1095 2149 Sala·
1137 2099 1342 2163 supplicia
1355 2101 1549 2167 cogitat,
1564 2096 1779 2165 frigidum
1803 2097 1859 2159 eft
1879 2100 2072 2156 {aiom

181 2169 387 2216 mandrae
410 2205 423 2227 ,
451 2183 553 2229 quae
582 2168 766 2231 ignibus
786 2167 1025 2226 nutritur,
1048 2167 1096 2213 in

183 2231 388 2281 flammis
408 2232 530 2281 vivit
551 2232 568 2276 ἓ
599 2238 601 2241 ·

246 2292 1099 2356 AnimitaturlapidemAlbestum,qui

188 2361 234 2408 in
264 2360 373 2422 igne
403 2360 737 2417 detrimentum
769 2375 867 2406 non
890 2361 1099 2421 patitur,

186 2424 263 2474 sed
289 2420 430 2470 solum
463 2425 654 2482 ⁴nitidius
675 2437 918 2491 purgatur.

252 2491 329 2534 An
339 2502 553 2535 naturam
570 2489 711 2546 habet
724 2488 1097 2551 rigidiAdaman·

188 2552 276 2607 tis,
304 2553 380 2615 qui
406 2566 490 2597 nec
504 2552 653 2610 ferro,
671 2567 755 2600 nec
780 2552 874 2613 igni
899 2553 1034 2599 cedit.

248 2618 325 2665 An
357 2615 607 2662 adscribitis
639 2617 731 2664 hoc
757 2616 1100 2672 ,ferventiffimae

1146 2164 1255 2227 quod
1277 2166 1463 2227 patitur.

1217 2226 1381 2280 Forsan
1406 2226 1669 2275 adscribetis
1692 2239 1789 2273 tam
1803 2227 1980 2290 grande
1992 2242 2070 2277 ro-

1154 2293 1239 2339 bur
1263 2292 1483 2356 Martyris
1520 2290 1775 2339 Dominico
1799 2291 2067 2342 Sacramen-

1154 2359 1237 2405 to?
1268 2358 1397 2419 cujus'
1432 2354 1729 2414 Dispensator
1754 2355 1915 2404 extitit
1942 2354 2066 2404 Lau-

1153 2423 1357 2477 tentius,
1381 2422 1452 2468 cui
1468 2411 1493 2467 ὲ
1508 2417 1798 2468 Sanctzffimo
1819 2419 1942 2482 Papa
1964 2420 2067 2469 Six-

1152 2499 1204 2533 to
1220 2484 1455 2544 commista
1479 2496 1580 2531 erat
1612 2484 1836 2532 dominici
1857 2488 2068 2547 corporis

1150 2554 1197 2598 δι
1220 2550 1449 2614 [anguinis
1470 2547 1775 2609 dispensatio:
1809 2548 1943 2596 Mens
1966 2550 2069 2599 haec

1152 2615 1216 2662 est
1238 2614 1507 2681 Augustini,
1530 2613 1608 2677 qui
1624 2610 1763 2665 tta&
1783 2613 2068 2689 27.inJoan.

1929 2724 1931 2726 ,
1970 2690 2067 2735 nit·

319 2741 393 2805 (a)
431 2746 482 2789 ln
514 2744 624 2791 vita.
661 2743 742 2805 (b)
765 2747 849 2792 Ser
873 2744 923 2793 de
946 2747 999 2794 S.
1022 2747 1150 2793 Laut.
1183 2744 1265 2806 (c)
1290 2745 1386 2794 Ser.
1405 2737 1453 2790 d!
1476 2743 1524 2791 5.
1547 2741 1682 2789 Lam.
