2168 3005
182 101 283 163 ‘359‘

896 91 986 153 ¹N
1050 67 1327 141 rts‘r‘o
1391 87 1434 142 J
1586 51 1589 53 ⁵
1942 106 1969 114 „

209 180 217 186 ⁴
253 187 383 235 Nata
406 184 467 230 est
483 183 747 234 Catharina
782 181 1083 230 Alexandriae
1098 216 1111 238 ,
1169 181 1296 226 dices
1313 212 1328 233 ‚
1350 169 1403 223 ut
1418 173 1836 237 inflammatopeex'

186 252 336 302 nobili
362 242 613 309 imbRegio
636 248 724 306 (ut
738 246 892 308 plures
906 243 1114 302 volunt)

187 327 385 378 genere:
407 312 664 358 studiorum
690 308 846 375 gratia
873 307 1117 356 traditaest

192 380 239 436 in
267 391 434 426 manus
452 374 665 437 Sapienti
700 375 887 424 cuidam
906 372 1111 420 Philoso-

186 442 308 505 pho,
324 443 397 501 (a)
420 441 469 486 in
481 439 626 488 variis
639 436 887 499 difciplinis
900 437 1108 484 erudien-

187 508 248 558 da
261 537 275 555 ‚
291 505 369 551 sub
380 519 476 568 quo
492 505 556 550 ita
569 503 616 548 in
631 502 798 551 litteris
813 500 1014 563 proiecit
1026 533 1040 555 ,
1061 510 1115 545 ut

190 567 352 631 passim
376 573 547 615 Gemma
573 567 737 614 Graeciae
761 566 1016 612 diceretur:
1038 564 1113 609 Sa-

192 631 468 695 pientiffima
482 620 699 692 profecto
713 626 864 692 Virgo
881 661 896 683 ,
908 627 990 675 nisi
1004 642 1117 690 gen-

187 697 348 744 tilismi
375 694 580 742 tenebris
607 692 756 740 fuisset
779 695 1020 747 invoffuta,
1047 707 1118 745 ac-

189 761 304 807 cidit
327 760 508 809 interea
534 793 550 814 ,
574 769 629 803 ut
653 757 728 806 die
754 750 995 820 quadam(
1020 756 1118 802 Nu·

188 824 316 877 mine
331 823 397 869 ita
410 821 694 883 disponende
710 823 729 881 )
746 821 1018 883 pediflequis
1032 819 1116 865 suis

191 887 439 943 comitata,
451 887 528 946 (b)
544 897 676 931 extra
691 887 983 932 Asexandriae
999 884 1117 932 Moe-

192 953 264 998 nia
288 951 472 1013 longius
487 950 698 996 nonnihil
721 951 933 996 secedens
958 948 1014 994 ad
1029 945 1113 1010 syl·

188 1031 299 1063 vam
314 1015 455 1062 tande
469 1014 883 1073 deveniret‚(c)ubi
898 1015 945 1060 in
960 1012 1110 1059 humi-

190 1081 225 1127 li
239 1081 432 1142 tugurio
442 1079 753 1126 eremicolam
776 1076 902 1124 senio
919 1092 1112 1124 venera-

190 1145 331 1190 bilem
354 1175 367 1198 ,
406 1144 451 1189 in
485 1156 638 1204 genua
674 1143 982 1203 provolutum
1007 1175 1020 1196 ,
1056 1155 1110 1187 ae

188 1208 395 1265 orationi
423 1209 660 1252 intentum
686 1204 887 1253 offendit
914 1221 924 1253 :
963 1205 1105 1251 admi-

187 1284 291 1330 rata
324 1271 386 1318 est
419 1264 576 1331 ptimo
618 1267 858 1316 insolitum
894 1269 1112 1315 Eremitae

188 1335 404 1383 vestitum
421 1369 435 1390 ‚
469 1333 648 1381 orantis
670 1336 913 1391 ardorem3
935 1348 988 1379 ac
1011 1333 1111 1378 reli-

186 1399 323 1462 giolae
350 1397 528 1445 cellulae
557 1398 825 1457 pauperiem
851 1428 864 1449 ,
899 1397 973 1442 sed
1007 1407 1116 1439 ante

189 1463 348 1510 omnia
382 1461 507 1508 sacro
532 1475 633 1507 eam
659 1461 859 1507 horrore
891 1459 1115 1508 concussit

188 1521 420 1575 Crucifixi
470 1526 630 1585 Imago
657 1527 715 1573 ad
741 1525 991 1572 introitum
1024 1523 1112 1569 cel·

190 1592 297 1643 lulae
315 1589 472 1637 erecta
487 1604 496 1638 z
512 1602 682 1650 utpote
696 1588 852 1635 similis
870 1588 952 1643 illi,
971 1602 1110 1649 quam

191 1655 331 1703 Pater
351 1654 623 1702 Catharinae
637 1652 803 1707 Costus
816 1667 876 1699 ex
896 1667 1013 1698 auro
1025 1650 1113 1708 pri·

193 1719 472 1779 usstupente
507 1715 692 1764 artifice
724 1731 778 1764 ac
807 1717 947 1764 aliam
974 1714 1114 1761 effar-

191 1797 321 1831 mare
349 1782 652 1835 intendente,
670 1781 716 1827 in
743 1779 972 1828 Crucifixi
1004 1782 1114 1825 ima-

190 1848 350 1910 ginem
414 1845 802 1892 transformatam
844 1843 1114 1904 aspexerat.

190 1907 434 1960 Amorosis
466 1909 604 1954 radiis
639 1909 802 1980 Imago
832 1911 929 1955 haec
947 1909 1011 1955 ita
1035 1921 1117 1953 cor

191 1975 461 2022 Catharinae
483 1972 812 2026 circumfulsit,
841 1984 892 2018 ut
905 1986 1019 2018 mox
1037 1971 1117 2017 dis-

192 2036 328 2101 pulsis
351 2035 646 2084 Gentilitatis
680 2037 884 2083 tenebris
918 2032 1026 2083 fidei
1052 2037 1117 2082 lu-

192 2103 323 2156 min-e
338 2114 443 2149 tnta
456 2100 753 2151 illustrata.ae
768 2102 824 2146 ab
840 2101 1114 2156 Eremicola,

197 2166 351 2217 altero
396 2165 526 2211 velut
577 2161 763 2211 Ananifi
801 2165 848 2209 in
884 2159 978 2211 fide
1011 2165 1114 2211 illu-

193 2231 357 2285 strata,
383 2229 654 2275 salutaribus
681 2228 875 2274 tandem
899 2227 1116 2288 Baptilmi

196 2294 330 2343 undis
356 2291 410 2339 sit
424 2293 599 2341 abluta.
636 2292 703 2338 En
718 2291 976 2342 parallelas.
1013 2292 1118 2338 Per·-

199 2371 365 2419 gamus
387 2357 447 2403 ad
472 2356 690 2407 virtutes.

263 2421 339 2467 Ad
360 2418 606 2467 virtutesfi
628 2419 1119 2481 deveniamu5‚priina

195 2488 402 2540 occurrit
428 2484 607 2547 Regina
627 2485 861 2532 virtutum
885 2484 1089 2531 charitas
1111 2499 1120 2530 :

200 2551 300 2602 baec
322 2559 479 2599 tantas
501 2550 548 2594 in
574 2548 766 2610 pectore
787 2549 915 2596 Pauli
940 2549 1117 2610 egitra-

342 2679 419 2735 (a)
444 2675 656 2725 Pelbartus
680 2680 720 2724 iu
740 2677 855 2737 Festo
874 2681 925 2731 S,
947 2671 1070 2728 Caes»,
1099 2677 1342 2735 (sost’etrus
1366 2677 1416 2724 de
1435 2675 1679 2725 Naulibus.
1696 2641 1768 2737 (c)
1793 2652 1944 2724 Athlas

1992 177 2123 230 <last-2⁴

1170 242 1334 291 marit:
1358 241 1442 300 (d)
1466 244 1575 306 Qis
1594 256 1668 287 nos
1685 243 1801 305 sepa?
1900 235 2071 297 ᾰῶᾷῆ

1169 313 1255 353 tate
1277 303 1458 362 chrum?
1482 302 1734 352 Tribulatio.
1772 311 1844 353 An
1865 319 1921 351 an
2019 307 2090 356 ias

1171 371 1369 436 anfames
1385 404 1400 427 ,
1426 382 1480 415 an
1491 369 1685 423 nuditas,
1699 371 1871 430 anpen'c
1997 379 2135 423 ’,σία

1164 434 1480 499 persecutio,an
1485 429 1686 498 gladius?
1707 440 1840 480 certus
1861 433 2114 498 sanquis

1168 500 1256 563 neq,
1269 510 1397 551 mors,
1409 511 1533 560 neque
1543 500 1778 560 vittamque
1796 506 1992 544 Μαικία
2001 496 2091 543 alia

1173 563 1330 626 poterit
1342 574 1416 606 nos
1418 563 1611 623 separare
1622 561 1650 609 ὰ
1671 561 1880 608 charitate
1897 559 2059 621 Christi.

1235 626 1393 672 Verba
1416 627 1515 671 haec
1532 626 1633 686 jure
1649 623 1942 672 meritislimo
1963 625 2091 672 usur·

1171 704 1283 751 pare
1301 691 1445 735 etiam
1471 690 1617 749 potest
1636 690 1923 744 Catharina,
1945 703 2090 751 quam

1173 768 1258 801 nec
1281 753 1480 801 thesauri
1506 753 1804 811 divitiarum,
1826 768 1914 802 nec
1935 755 2091 801 hono-

1171 833 1272 864 rum
1298 817 1619 872 irritamenta,
1643 832 1730 866 nec
1762 819 1949 865 theatra
1977 818 2092 865 deli·
2119 870 2122 871 ⁷

1169 882 1346 929 ciarum
1365 917 1379 939 ,
1400 883 1753 944 neclmperialis
1782 897 1999 944 purpurae
2010 897 2091 929 co·

1165 951 1266 999 lor,
1287 959 1373 992 nec
1386 959 1575 993 coronae
1597 947 1735 1006 regiae
1747 945 1985 1008 splendor,
2000 961 2089 995 nec

1167 1011 1305 1058 minis
1319 1021 1494 1056 armata
1510 1011 1751 1067 violentia,
1766 1025 1853 1057 nec
1867 1010 2089 1059 instructa

1168 1074 1424 1123 tormentis
1447 1066 1735 1121 crude'itasa
1757 1074 1946 1121 Christo
1970 1075 2091 1136 sepa-

1168 1155 1269 1186 rare
1289 1140 1464 1199 potuit.
1514 1137 1683 1184 Mansit
1700 1137 1776 1184 illa
1799 1137 1932 1184 velut
1953 1153 2090 1199 rupes
2151 1139 2159 1146 ’

1169 1203 1446 1255 immobilis,
1467 1200 1686 1250 fluffibus
1700 1202 1887 1264 quidem
1902 1202 2090 1251 concus-
2156 1189 2168 1242 ²·

1171 1269 1240 1325 sa,
1267 1279 1314 1313 at
1336 1268 1510 1327 semper
1531 1262 1697 1321 firma,
1721 1266 1852 1314 velut
1875 1265 1936 1312 sol
1952 1269 2086 1316 obte-
2164 1264 2168 1268 ⁴

1173 1334 1390 1378 nebratus
1413 1330 1637 1382 nubibus,
1662 1331 1839 1391 semper
1862 1342 2020 1378 tamen
2036 1332 2090 1379 il·

1173 1394 1317 1439 lustris
1332 1407 1344 1448 ;
1357 1393 1489 1438 velut
1506 1394 1710 1440 Adamas
1730 1396 1856 1441 inter
1870 1395 2089 1443 intudem

1169 1463 1214 1506 &
1229 1460 1356 1520 ignes
1371 1456 1548 1516 semper
1569 1467 1731 1502 tamen
1746 1458 2056 1512 indomabilis,

1245 1523 1314 1567 Ex
1351 1520 1582 1566 charitate
1627 1520 1715 1567 hac
1753 1521 2001 1570 resultabat
2043 1524 2090 1570 in

1170 1586 1314 1633 Paulo
1353 1581 1498 1631 Zelus
1530 1585 1870 1633 ardentiffimus
1892 1621 1908 1644 ,
1941 1586 2090 1636 divini

1171 1650 1410 1710 Evangelii
1445 1663 1606 1695 coram
1632 1651 1875 1710 gentibus,
1902 1653 2091 1714 regibus

1169 1711 1336 1766 &filiis
1360 1712 1487 1758 lsrael
1514 1711 1864 1770 disseminandi,
1888 1729 1976 1763 nec
1998 1717 2092 1763 for·

1169 1778 1378 1825 midabat
1392 1777 1574 1838 Imperii
1592 1776 1922 1836 principatum.
1940 1783 2091 1837 (e)scd

1170 1843 1314 1890 corde
1344 1841 1585 1901 impavido
1607 1841 1787 1888 cunctis
1811 1844 2092 1901 praedicabat

1171 1905 1405 1953 Christum
1421 1942 1435 1961 ,
1461 1909 1508 1952 ὅ(
1532 1906 1657 1952 hunc
1679 1901 1994 1956 Crucifixum.

1237 1974 1303 2016 At
1321 1971 1475 2015 necin>
1494 1970 1671 2016 virtute
1697 1971 1782 2017 hac
1808 1971 2090 2020 octodecen-
2166 1976 2168 1982 '

1173 2035 1242 2081 nis
1257 2034 1415 2080 Puella
1430 2035 1685 2096 quidquam
1698 2033 1846 2081 Paulo
1860 2037 1985 2083 cedit
1998 2038 2092 2084 Ca-

1173 2098 1381 2151 tharina,
1398 2096 1428 2144 si
1447 2099 1571 2144 enim
1594 2096 1762 2145 Paulus
1774 2113 1936 2146 coram
1962 2100 2093 2164 Rege

1171 2162 1623 2224 AgrippaEvangelii
1638 2162 2001 2211 contestatusest
2013 2180 2092 2212 ve·

1171 2229 1360 2273 ritatem
1377 2260 1390 2282 ‚
1419 2229 1516 2274 haec
1540 2242 1698 2272 coram
1714 2227 1977 2277 Maximino
1990 2227 2090 2280 Cae-

1173 2295 1266 2338 lare
1288 2290 1394 2336 fidei
1419 2289 1626 2338 defendit
1641 2289 1965 2343 Sanffitatem.

1239 2356 1282 2400 Si
1303 2355 1468 2402 Paulus
1480 2355 1714 2415 disputans
1726 2356 2093 2416 deJustitia,(f)
2121 2401 2123 2405 ,

1174 2419 1462 2466 Castitate&
1482 2417 1643 2465 futuro
1664 2418 1847 2476 Iudicio
1870 2420 2092 2468 tremefe-

1175 2485 1236 2529 cit
1248 2482 1408 2544 Judeae
1421 2482 1661 2530 Praesidem
1676 2481 1889 2530 Fezicem.
1905 2484 2091 2534 Haecde
2136 2482 2139 2484 ’

1173 2548 1345 2601 divinis
1365 2548 1557 2610 Judiciis
1578 2545 1792 2599 differens
1814 2547 2000 2596 Christo
2024 2551 2095 2599 lu,

1961 2626 2105 2667 crata.
2124 2638 2129 2669 .’

1968 2682 2097 2726 Mar.
2156 2740 2159 2742 ,

199 2748 332 2808 Imag.
368 2756 474 2803 577.
504 2742 583 2802 (d)
610 2747 787 2793 Rom.8.
809 2744 891 2803 (e)
924 2739 1019 2794 Ast.
1044 2746 1120 2791 26.
1152 2743 1237 2805 (f)
1274 2740 1354 2789 A&
1383 2754 1487 2800 τῲ,
