2198 3005
1525 169 2057 191 -Ti———ofi-—h-fflfflnd

1139 219 1258 261 tum,
1271 203 1458 251 Parvuli
1472 201 1709 251 miserabili
1721 204 1932 252 clamore
1942 200 2051 252 Cae-

145 92 278 166 ⁴162'
950 102 1028 154 1N
1073 98 1308 154 Festo

164 201 404 328 forltemve
434 207 607 260 audire.
682 203 949 256 Adlzreiter
991 218 1085 259 art.

167 289 189 324 1
294 291 311 324 r
328 291 350 327 r

238 329 386 384 Reae
419 336 466 381 δε
498 324 652 383 sancte
679 333 1077 396 pronuntiatum
1057 335 1081 371 ⁹

161 414 271 449 narn
293 395 468 446 Seneca
489 397 602 446 teste
622 397 699 449 lib
715 400 774 445 de
796 398 932 444 clem.
947 411 984 443 c.
1003 413 1082 458 24.

160 477 258 512 non
276 464 430 511 minus
443 462 643 540 Principi
662 461 760 509 sunt
787 463 937 522 turpia
963 461 1083 508 mul-

157 541 205 576 ta
242 526 457 591 supplicia
481 563 496 585 ,
535 523 674 589 quam
711 526 898 573 Medico
929 525 1081 572 multa

271 607 336 639 ra.

157 591 336 704 fmbelec
358 653 515 701 minus
549 651 722 699 ferrum
747 651 952 701 Caesaris
981 668 1089 717 pro-

158 721 329 769 merita
353 717 611 778 eratTrjoa
639 717 760 764 Urbs
775 719 982 791 Apuliae,
1007 733 1086 765 au-

158 784 203 831 sa
218 782 431 833 venienti
445 781 681 838 Henrico,
703 795 799 828 non
815 774 960 829 (olum
979 797 1085 844 por-

157 861 228 897 tas
249 847 492 900 claudere,
515 847 586 892 [ed
606 849 654 894 8<
674 847 813 892 armis
835 847 972 895 bilem
987 849 1083 907 ejus

154 925 449 976 provocare,
471 911 530 955 ad
546 911 739 957 tertium
762 910 964 957 mensem
984 925 1084 973 per-

156 978 308 1025 tinaci
329 972 525 1023 audacia
555 971 847 1022 obsidionem
873 974 1077 1023 toleran-

155 1042 245 1093 do·
265 1041 310 1087 Si
335 1036 517 1087 vixiflet
539 1037 802 1085 Barbaroffa
826 1038 1047 1100 quispiam
1063 1075 1078 1099 ,

151 1103 364 1154 funditus
377 1103 585 1156 Urbem
612 1103 680 1148 uti
705 1103 819 1148 olim
849 1103 1077 1150 Mediola-

152 1182 296 1226 num,
324 1165 583 1223 evertiffet,
600 1166 643 1212 in
667 1177 893 1214 aeternam
917 1179 1084 1216 contu-

150 1235 344 1282 menam
367 1228 842 1305 salefuperseminato.

217 1297 299 1346 si
287 1312 334 1345 m
359 1293 726 1343 Tamen-'lanem
716 1309 781 1341 ita
819 1288 1080 1358 peccassent

151 1361 204 1409 hi
229 1360 424 1418 Graeci‚
445 1358 674 1406 sensissent
700 1359 932 1406 lanienam
958 1358 1079 1406 fimi-

149 1422 246 1473 lem
267 1425 360 1478 illi,
383 1436 522 1485 quam
549 1423 662 1469 olim
688 1434 883 1481 experta
903 1423 963 1467 est
988 1423 1080 1468 Da-

151 1489 361 1542 mascuS,
389 1499 552 1549 portas
579 1486 642 1533 illi
671 1486 922 1533 occludere
946 1486 1080 1542 aula,

147 1555 230 1602 ubi
263 1549 392 1600 Urbe
427 1547 565 1613 capta
595 1546 620 1598 ἃ
642 1551 839 1596 barbaro
866 1549 1081 1608 vidtore,

153 1618 264 1667 lo'co
286 1616 512 1677 Trophaei
527 1647 541 1670 ,
570 1625 666 1661 tres
686 1614 953 1675 Pyramides
967 1650 980 1666 .
1001 1627 1081 1661 ex-

155 1684 381 1731 celsarum
395 1679 596 1727 turrium
611 1677 746 1726 instar
761 1693 817 1724 ex
842 1679 982 1726 meris
995 1694 1082 1727 cae-

151 1748 305 1795 sorum
321 1745 496 1795 civium
513 1743 748 1791 Calvariis
772 1741 875 1789 sunt
894 1743 1078 1798 erectae,

152 1825 386 1862 aeternum
410 1811 573 1873 utique
599 1808 803 1856 barbara
826 1808 1077 1857 crudelita-

150 1878 213 1925 tis
232 1886 616 1924 monumentum.

207 1941 311 1990 Nec
325 1939 513 1987 Graeci‘
501 1952 565 1985 ita
589 1937 881 1993 coecierant‚
900 1948 953 1985 ut
975 1949 1074 1984 non

145 1992 175 2054 a
206 1997 350 2068 longe
381 2004 733 2078 impendentem
765 2000 847 2048 fibi
882 2006 929 2051 δ(
961 2003 1075 2049 urbi

145 2070 365 2118 ultimam
399 2069 585 2116 ruinam
624 2079 901 2122 cernerent,
933 2082 1074 2129 quam

149 2145 205 2181 ut
227 2145 497 2182 averterent
517 2163 530 2187 ,
553 2147 607 2179 ac
633 2132 808 2179 iratum
840 2131 1071 2178 Caelarem

147 2197 462 2272 mitigarent,
491 2196 716 2259 quidquid
749 2196 797 2243 in
822 2195 948 2243 Urbe
969 2206 1070 2243 erat

145 2265 301 2312 atatis
327 2260 636 2318 innocentis,
668 2261 715 2306 in
737 2259 933 2323 longum
962 2263 1069 2307 co'e-

145 2341 260 2390 gere
280 2325 632 2389 supplicantium
652 2325 866 2372 ordinem
880 2356 893 2379 ,
907 2323 1068 2384 juben·

147 2404 223 2438 tes
243 2390 426 2452 lugubri
454 2389 623 2437 habitu
637 2389 695 2436 ad
720 2388 911 2436 Caesaris
926 2388 1067 2437 castra

143 2456 427 2517 procedere:
441 2464 609 2517 agmen
632 2453 831 2501 ducebat
846 2453 1067 2501 Anacha-

142 2530 245 2567 reta
282 2517 534 2580 praeferens
567 2517 654 2563 Xti
687 2518 747 2564 de
778 2531 914 2566 cruce
951 2530 1064 2580 pen

144 2581 300 2634 dentis
321 2575 563 2646 effigiem·
601 2581 659 2629 ad
684 2581 827 2630 castra
846 2581 922 2629 ubi
949 2595 1062 2647 ven}

296 2709 378 2776 (a)
408 2704 625 2760 Adlzreit.
635 2717 680 2771 p.
698 2721 738 2757 ι.
752 2707 824 2766 tib.
841 2725 885 2773 5.

864 2868 870 2909 l

1137 268 1241 317 saris
1263 266 1574 328 implorabant
1595 266 1900 315 clementiam
1913 267 2055 331 jnge-

1135 333 1362 381 minando
1391 331 1644 380 identidem
1662 332 1796 395 Kyrie
1815 329 1985 392 eleison,
2004 331 2061 378 irr

1136 397 1224 456 est,
1246 396 1451 443 Domine
1472 395 1714 456 miserere3
1748 409 1948 458 quorum
1974 408 2055 459 ag-

1135 477 1244 509 men
1270 459 1422 507 flebile
1445 460 1558 508 ubi
1545 473 1664 507 intra
1687 460 1828 507 castra
1855 458 1915 507 ad
1927 456 2054 506 Ten·

1135 527 1310 573 torium
1338 524 1465 572 {uum
1501 526 1721 573 accedere
1744 523 1864 572 vidit
1884 522 2056 570 Hem-i·

1133 605 1239 646 cus,
1257 591 1482 652 lacrymas
1496 601 1658 636 tenere
1679 603 1772 635 non
1786 587 1968 653 potuit,
1979 585 2055 635 sed

1141 655 1399 702 clementer
1428 668 1511 700 eos
1531 651 1592 700 fic
1614 653 1675 701 est
1701 648 1961 704 allocutus:

1205 718 1388 766 Miseret
1421 733 1500 765 me
1531 718 1600 764 tui
1633 715 1796 764 infelix
1827 718 2056 764 Innocen-

1140 783 1203 829 tia
1227 798 1413 846 ‚quam
1450 781 1587 830 {celus
1618 794 1868 843 parentum
1906 775 2054 827 solum

1138 862 1264 894 ream
1290 849 1425 895 iacit:
1450 848 1677 894 innocens
1695 860 1787 909 ego
1810 845 1903 893 sum
1915 834 2060 893 asan«

1137 913 1279 972 guine
1302 911 1478 973 vcstr0;
1501 912 1710 958 Rebellio
1728 914 1774 958 δι
1798 909 2057 983 pertinacia

1138 975 1498 1035 progenitorum
1534 975 1791 1023 vestrorum
1825 975 1884 1021 ad
1914 974 2056 1021 lanie-

1135 1050 1245 1084 nam
1267 1040 1314 1085 &
1334 1051 1540 1085 mortem
1575 1052 1660 1084 vos
1693 1039 1913 1086 deturbat
1934 1069 1948 1092 ,
1972 1051 2054 1100 pa-

1137 1103 1347 1149 rentibus
1371 1101 1555 1150 vestris
1545 1114 1775 1164 imputate
1794 1102 1896 1148 haec
1913 1102 2058 1156 mala,

1138 1163 1330 1213 Thronus
1361 1175 1504 1212 autem
1529 1178 1638 1214 meus
1659 1165 1720 1229 β
1748 1164 2055 1214 immaculatus.

1136 1229 1247 1275 Inde
1267 1232 1324 1276 ad
1362 1230 1557 1276 astantes
1588 1229 1836 1277 conversus
1863 1231 1965 1284 ait,
1989 1227 2055 1277 fe—

1135 1309 1237 1339 rum
1270 1293 1433 1355 chffls
1457 1297 1503 1341 &
1527 1308 1762 1341 marmore
1791 1293 1950 1340 durius
1975 1293 2057 1349 fit,

1133 1359 1260 1418 quod
1283 1358 1492 1404 sustineat
1504 1372 1667 1405 eorum
1689 1358 1860 1405 hauriri
1876 1357 2056 1421 langui·

1134 1432 1273 1473 nem,
1303 1434 1504 1481 quorum
1529 1436 1587 1467 ne
1611 1423 1841 1484 lacrymas
1862 1425 2052 1484 quidem

1132 1482 1215 1532 nifi
1240 1483 1437 1532 crudelis
1468 1485 1632 1530 oculus
1662 1486 1821 1543 postest
1855 1486 2052 1532 intueri:

1133 1548 1258 1596 Tum
1282 1561 1451 1611 pueros
1464 1548 1611 1607 jussos
1626 1549 1712 1596 elle
1733 1547 1869 1597 bonis
1883 1549 2051 1596 animis

1135 1611 1285 1660 salvos
1318 1611 1525 1659 remifit
1515 1629 1558 1659 in
1587 1613 1759 1660 Urbem
1784 1630 1794 1663 z
1833 1612 2055 1661 Postridie

1133 1692 1241 1725 cum
1255 1674 1420 1724 eadem
1433 1674 1611 1739 Pompa
1626 1677 1940 1733 lamentabili,
1954 1691 2056 1725 rur⁴

1131 1741 1200 1789 sus
1223 1742 1513 1804 prodeuntes
1535 1742 1836 1804 conlpexiffet
1852 1773 1866 1795 ‚
1882 1755 1968 1787 nec
1987 1745 2052 1788 ul·

1132 1818 1203 1853 tra
1235 1806 1596 1854 misericordiam
1633 1809 1781 1868 potest
1811 1819 2052 1868 premere,

1130 1868 1379 1925 misereor,
1402 1871 1661 1926 exclamat,
1683 1873 1812 1936 supra
1835 1870 2053 1925 turbam,

1130 1937 1296 1984 deinde
1317 1937 1446 1997 jubet
1460 1932 1745 1999 Magistratui
1768 1935 2045 1989 renuntiari,

1128 2001 1160 2048 fi
1195 2001 1303 2050 salvi
1329 2001 1415 2049 effe
1437 2001 1647 2057 vellent,
1685 2003 1857 2051 liberos
1892 1999 2048 2047 imita-

1128 2078 1328 2124 rentur,
1353 2069 1399 2113 ὃ(
1424 2079 1535 2113 ante
1568 2067 1728 2115 omnia
1752 2067 2045 2116 moeniorum

1125 2143 1301 2192 partem
1319 2144 1374 2178 ex
1393 2123 1571 2193 templo
1586 2131 1854 2190 diruerent,
1866 2134 1913 2179 &
1937 2141 2044 2176 tum·

1124 2194 1387 2243 devictoris
1418 2198 1649 2256 sperarent
1676 2197 1950 2245 clementia:
1969 2197 2039 2252 (a)

1122 2273 1318 2321 paruere
1347 2261 1412 2307 illi
1437 2258 1532 2307 fine
1560 2275 1734 2321 mora,
1772 2265 1818 2311 δι
1849 2257 2040 2320 dejeffls

1121 2324 1255 2373 vadis
1283 2328 1329 2373 δί
1358 2324 1585 2372 moenium
1610 2339 1742 2387 parte
1773 2322 2041 2388 apertisque

1120 2390 1270 2452 portis
1301 2389 1492 2437 obviarn
1521 2391 1810 2464 prodeuntes
1835 2387 2038 2443 vianti,

1120 2453 1308 2501 veniam
1320 2464 1604 2512 exoptatam
1618 2468 1644 2500 a
1658 2456 1894 2504 mitiflimo
1905 2451 2038 2501 Prin·

1118 2519 1221 2581 cipe
1248 2514 1575 2591 impetrarunt.

1179 2582 1258 2631 Ah
1282 2596 1426 2645 quarn
1457 2576 1671 2647 appofite
1709 2577 1962 2632 lfidorusl.
1990 2583 2038 2632 6.

1864 2642 2037 2702 similit,

2163 506 2198 917 .,‚-.m
2161 521 2170 532 ·
2168 461 2193 509 a...
2176 387 2191 451 ...ψ
2127 0 2191 382 „mix-affl
