2168 3005
186 123 288 179 446

977 121 1055 169 1N
1085 121 1324 178 ,FESTO

189 179 2074 204 mm-

190 209 321 259 &um
341 210 387 256 in
417 210 752 267 contumeliam
769 243 785 265 ‚
811 211 1003 272 genitus
1030 227 1113 274 per

199 274 544 321 immunditiam
567 310 583 334 ,
613 274 784 322 vivens
821 276 867 323 in
902 272 1118 334 miseri&

198 338 453 385 moriturus
474 336 522 385 in
537 333 754 400 angusti&
783 341 864 400 (a)
877 340 982 388 Heu
1004 341 1112 405 quid

196 402 293 448 sum
315 415 396 450 vas
424 401 690 465 sterquilinii
707 440 720 461 ‚
735 404 938 461 Concha
956 417 1116 468 putre·

193 465 314 512 dinis
325 497 339 520 ‚
361 465 523 526 plenus
537 466 713 515 foetore
726 471 771 523 .&
789 469 1010 525 horrore,
1024 483 1118 528 coe-

196 544 305 585 cus,
326 543 530 592 pauper,
546 533 696 578 nudus
713 568 728 587 ,
753 531 930 595 pulvis,
945 535 1119 583 cinis&

197 594 327 642 nihil.
396 595 531 642 Unde
562 585 678 658 ergi)
710 595 939 659 superbiat
967 610 1089 646 terra

197 659 313 717 cinis
328 662 374 708 &
389 660 500 707 nibil
515 692 530 714 ,
553 662 683 720 cujus
702 674 959 724 conceptus
971 663 1102 724 impu

198 739 277 771 rus
289 757 302 778 ,
316 725 541 772 nativitas
552 723 712 777 misera
725 759 739 780 ‚
752 739 883 774 ortus
896 726 1121 790 lugubris.

197 789 326 852 Quid
349 779 467 850 ergo
483 789 526 835 ie
544 790 701 845 elevat
722 805 806 838 cor
832 804 967 839 tuum
992 787 1119 840 bho-

195 857 309 910 mo‚
338 855 385 900 δι
407 850 532 916 quafi
557 868 731 916 magna
755 857 969 919 cogitans
991 869 1122 906 atto-

194 918 324 965 nitos
338 917 480 966 babes
492 918 656 965 oculos
670 955 684 977 ,
715 921 823 986 quid
837 932 993 970 tumet
1007 936 1119 970 con·

194 996 264 1030 tra
279 982 434 1029 Deum
457 982 652 1044 Spiritus
668 995 778 1031 tuus
796 1022 812 1046 ,
834 997 958 1040 terra
979 1000 1027 1035 es
1043 1023 1057 1047 ‚
1073 987 1121 1033 δι

194 1047 243 1100 in
265 1058 439 1095 terram
470 1049 739 1103 reverteris,

260 1111 514 1175 Nunquam
551 1112 761 1160 Societas
794 1112 894 1174 Jesu
918 1112 1118 1160 Gandiae

196 1175 379 1224 Ducem
394 1209 407 1230 ,
429 1176 752 1225 &Cataloniae
768 1176 1021 1240 Protegem
1043 1193 1116 1224 ac·

195 1239 446 1302 quisiviffet
460 1240 747 1291 Generalem
761 1277 776 1299 ,
795 1240 878 1288 nisi
898 1242 1117 1290 orientali

195 1306 287 1354 hoc
301 1317 452 1352 vento
467 1305 666 1366 Spiritus
684 1306 726 1355 S.
746 1303 897 1353 fuisset
910 1305 1117 1367 aliquan-

198 1368 261 1416 do
285 1369 467 1416 afflatus
487 1383 498 1419 t
518 1369 593 1428 (b)
617 1369 740 1415 Nam
760 1382 814 1415 ut
833 1370 1118 1415 Sachinusin

198 1431 299 1481 vita
323 1434 421 1493 ejus
457 1431 601 1479 refert
625 1464 640 1488 ,
673 1446 779 1479 cum
803 1431 998 1480 isabella:
1026 1437 1120 1479 Au-

199 1497 338 1560 gustae
362 1496 525 1544 Caroli
543 1496 604 1544 V.
622 1497 924 1559 imperatoris
938 1496 1118 1551 Coniu-

198 1564 268 1623 gis
285 1561 555 1623 sepelienda!
569 1575 678 1609 cura
699 1560 779 1625 ipsl
792 1564 849 1609 ab
863 1563 1122 1623 Imperato-

199 1626 448 1674 reCarolo
469 1625 580 1675 esset
593 1627 900 1681 demandata,
921 1642 973 1674 ac
986 1624 1123 1673 Fran-

200 1688 373 1738 ciicum
401 1692 574 1748 cupido
601 1690 841 1738 incesseret
868 1703 1122 1754 antequam

200 1766 335 1801 terrae
351 1757 622 1810 mandaret,
647 1755 900 1802 venustatis
915 1754 1024 1802 illud
1041 1754 1126 1801 mi-

202 1819 414 1866 raculum
447 1819 561 1866 dum
593 1821 776 1867 viveret
798 1853 812 1873 ‚
859 1821 1001 1867 etiam
1025 1818 1123 1882 post

201 1895 410 1930 mortem
434 1884 786 1945 contemplandi
799 1900 811 1943 ;
825 1885 901 1930 ubi
915 1875 1031 1946 ergo
1045 1898 1121 1930 ve-

200 1947 248 1994 lo
273 1959 461 1995 remoto
485 1948 684 2010 gratiosa
711 1949 788 1994 illa
813 1952 909 1996 duo
925 1950 1120 2008 lumina,

202 2026 304 2074 quae
327 2013 543 2060 omnium
564 2013 729 2060 oculos
748 2014 803 2059 ad
828 2014 872 2060 {e
885 2015 1123 2075 quondam

204 2089 545 2125 converterant
565 2077 766 2136 ,clausa‚
796 2077 961 2126 faciem
994 2079 1123 2139 palli-

207 2141 314 2188 dam
329 2179 341 2201 ,
362 2156 503 2203 genas
526 2142 718 2195 lividas,
742 2156 911 2204 corpus
926 2144 1125 2206 denique

205 2205 296 2262 jam
331 2207 596 2267 putreicens
633 2207 696 2253 est
721 2205 918 2255 intuitus
956 2243 970 2265 ,
994 2207 1121 2254 sacro

206 2270 406 2316 horrore
446 2272 658 2331 predbus
694 2285 808 2318 mox
856 2271 902 2317 in
939 2272 1125 2319 cubicu-

209 2332 307 2380 lum
340 2334 512 2396 peffulo
545 2336 691 2394 januae
735 2335 943 2383 obducito
977 2336 1018 2382 se
1047 2335 1126 2382 ab-

209 2397 344 2449 didit,
371 2399 592 2462 humique
627 2400 874 2460 prostratus
911 2401 1126 2463 iacrymis

206 2462 409 2521 gemitus
422 2462 612 2510 miscens
630 2464 674 2509 in
701 2463 783 2510 has
799 2478 938 2511 voces
955 2465 1121 2523 erupit.

210 2525 256 2571 O
279 2525 438 2572 miiera
464 2528 732 2576 mortalium
763 2539 878 2574 vota
903 2565 917 2586 ,
946 2520 977 2575 ὸ
999 2527 1123 2577 falla-

207 2603 284 2637 ces
299 2589 546 2637 hominum
564 2591 655 2653 spes
669 2627 682 2650 ,
696 2587 727 2638 ὸ
741 2607 862 2640 vana
877 2591 1119 2642 deiideria!

1230 212 1298 260 Eu
1321 214 1396 261 illa
1408 213 1720 278 Augustarum
1740 215 2079 275 pulcherima.

1166 288 1220 322 ut
1233 277 1280 324 in
1294 277 1456 332 funere
1475 278 1740 326 deformata
1756 279 1879 338 jacet
1889 294 1975 334 ,en
1983 295 2084 342 quo

1166 342 1361 388 evanuit
1376 343 1616 390 venustum
1631 343 1743 389 illud
1756 343 1918 399 iormae
1930 345 2087 399 decus⁹

1169 405 1376 453 haeccine
1398 406 1582 455 {fabella
1615 407 1843 470 gaudium⁴
1860 410 1914 455 δι’
1933 405 2089 469 splen·

1170 470 1257 516 dor
1293 470 1513 519 universae
1539 483 1673 519 terrae
1695 471 1706 516 !
1728 470 1966 534 quoulque
1986 482 2094 519 tan.-

1172 535 1280 581 dem
1312 536 1547 598 diligimus
1569 537 1828 584 vanitatem
1853 539 1903 584 δι
1922 536 2091 597 quaeri-

1173 612 1277 646 mus
1298 601 1595 649 mendacium
1619 615 1632 658 ς
1657 599 1976 662 expergiscere
1995 599 2101 647 ani·.

1176 677 1252 710 ma
1276 679 1380 711 mea
1413 664 1750 728 expergiscere,
1796 664 1858 710 sat
1887 662 2092 725 principi

1175 729 1363 776 mortali
1385 730 1549 776 datum
1569 764 1583 785 ,
1602 726 1857 775 immortali
1870 727 2093 787 deinceps

1173 791 1264 839 erit
1288 792 1606 842 serviendum:
1627 793 1729 839 Sint
1754 790 1957 839 anteaffl
1981 791 2093 839 anni

1173 857 1270 902 dati
1292 857 1472 905 Carolo
1491 894 1505 914 ‚
1521 856 1749 917 reliquum
1763 868 1949 917 tempus
1960 866 2091 903 tran-

1172 919 1422 976 scribatur,
1444 920 1476 969 fi
1501 922 1633 983 sapis,
1648 922 1777 971 Deoz
1801 921 1954 967 valete
1967 919 2096 967 Prin-

1172 984 1355 1045 cipatus
1371 1001 1381 1032 :
1398 986 1553 1047 valete
1563 1000 1767 1048 purpura
1780 983 1976 1043 ‚servire
1988 984 2092 1031 Deo

1172 1062 1371 1112 regnare
1394 1050 1468 1097 est.
1536 1051 1744 1106 Dixit,&
1760 1062 1958 1109 accepto
1969 1051 2090 1095 cala·

1173 1128 1254 1160 mo
1267 1131 1434 1163 arcana
1451 1113 1975 1177 pectoristranscribens
1998 1113 2095 1160 Ro-

1171 1193 1297 1227 mam
1334 1180 1516 1242 lgnatio
1541 1215 1556 1234 ,
1597 1170 1802 1240 purpura
1835 1181 1883 1225 ὃ(
1909 1177 2096 1225 Ducatu

1170 1240 1368 1291 Gandiae
1404 1243 1573 1291 reliiio
1603 1244 1663 1290 ad
1699 1243 1984 1290 Societatem
2006 1245 2093 1290 ad-

1174 1305 1301 1356 mitti
1329 1307 1482 1369 petiit.

1247 1373 1437 1418 Ventus
1450 1370 1671 1416 lecundus
1687 1383 1826 1431 quem
1839 1370 2032 1431 Spiritus
2051 1371 2094 1421 S.

1174 1435 1354 1485 emittit
1375 1435 1433 1480 de
1458 1429 1684 1480 thesauris
1719 1433 1805 1479 suis
1832 1469 1848 1489 ,
1871 1438 1928 1480 ab
1967 1436 2091 1481 occi-

1176 1505 1320 1549 dente
1357 1497 1494 1559 ipirat
1516 1500 1562 1545 δι
1586 1496 1749 1544 occasu
1774 1497 1879 1545 {olis
1907 1533 1921 1553 ‚
1950 1499 2100 1547 tacito

1176 1582 1231 1625 ac
1259 1561 1370 1613 tristi
1409 1560 1536 1609 sibilo
1571 1559 1759 1622 singulis
1786 1557 1934 1624 prope
1965 1563 2095 1613 horis

1176 1627 1455 1679 mortalibus
1478 1625 1694 1674 insonans
1721 1627 1835 1672 illud
1854 1626 1973 1675 lsaiae
1994 1629 2097 1691 :(c)

1177 1693 1393 1742 Morieris
1421 1699 1468 1738 tu
1492 1688 1548 1744 85
1567 1704 1648 1735 non
1665 1692 1809 1738 vives.

1242 1755 1459 1805 Morieris
1489 1753 1824 1811 infallibiliter,
1852 1751 1925 1800 sed
1949 1769 2095 1815 quan-

1177 1824 1265 1878 do,
1284 1823 1437 1881 inquo
1461 1818 1658 1871 l0c0‚in
1683 1832 1779 1880 quo
1800 1817 2097 1867 animaestatu

1177 1890 1525 1944 incompertum
1556 1883 1636 1929 tibi
1659 1916 1674 1935 .
1698 1884 1813 1928 latet
1836 1884 1962 1930 enim
1989 1882 2095 1930 ulti.-

1177 1964 1281 2000 mus
1304 1950 1400 1996 dies
1415 1949 1501 2003 ‚ait
1518 1945 1798 2010 Augustinus
1818 1945 1854 1993 l·
1870 1960 1933 2010 50
1968 1948 2097 1996 hom.

1186 2029 1259 2068 ¹3.
1281 2026 1334 2060 ut
1366 2013 1665 2059 observemus
1699 2025 1882 2063 omnes.
1926 2012 2099 2060 Morie-

1179 2081 1237 2126 τίς
1262 2068 1397 2124 certi)
1419 2079 1473 2122 ad
1493 2078 1641 2123 vitam
1665 2089 1764 2121 non
1784 2076 2105 2133 revocandus,-

1178 2144 1259 2192 nili
1274 2143 1350 2189 ubi
1367 2142 1532 2188 ultima
1545 2141 1657 2188 tuba
1670 2153 1719 2186 te
1730 2140 2100 2199 citaverithors

1180 2221 1228 2255 te
1263 2200 1414 2255 (ubitb
1440 2203 1652 2268 spoliabit
1675 2205 1895 2251 omnibus
1926 2204 1976 2253 in
1998 2206 2099 2267 qui·

1180 2276 1264 2320 bus
1287 2269 1516 2318 laetaberis
1538 2303 1553 2325 ‚
1583 2283 1636 2316 ac
1670 2267 1807 2316 tollet
1832 2266 2096 2317 univedam
2150 2284 2168 2325 a,

1180 2336 1468 2391 suqstantiam
1490 2327 1784 2392 tuaminqufi
1798 2327 2094 2400 confidebasg
2165 2391 2168 2394 ι

1179 2402 1282 2448 solae
1307 2402 1505 2445 virtutes
1527 2401 1573 2443 δι
1605 2410 1749 2460 opera
1771 2398 1896 2445 bona
1909 2409 2097 2448 mortu·
2160 2401 2168 2452 ζ

1180 2481 1258 2514 um
1295 2463 1669 2516 comitabunturj
1965 2481 1970 2488 ·
2062 2500 2069 2505 .
2160 2501 2168 2506 .

1242 2528 1455 2590 Longam
1482 2539 1538 2571 ue
1565 2525 1692 2587 spera
1715 2524 1863 2571 vitam
1887 2558 1903 2580 ,
1928 2523 2106 2583 breve&
2162 2543 2165 2550 ¹

1181 2593 1309 2640 enim
1331 2593 1427 2638 dies
1447 2590 1651 2636 hominis
1671 2588 1772 2635 (unt
1792 2622 1806 2646 ,
1825 2590 1872 2636 δι
1886 2588 1996 2636 anni
2010 2602 2094 2636 eo·
2159 2600 2168 2629 ι

1995 2659 2168 2700 tum}

369 2721 444 2781 (a)
481 2717 663 2785 Soliloq.
683 2732 774 2786 cap.
798 2735 843 2775 2.
877 2721 953 2785 (b)
976 2691 1181 2773 Sacbinux
1206 2721 1247 2769 in
1270 2722 1367 2769 vita
1386 2715 1456 2767 lib.
1483 2732 1523 2772 1.
1543 2729 1636 2785 cap,
1666 2731 1718 2777 7.
1753 2717 1829 2778 (c)
1858 2715 1942 2781 Iso.
1960 2729 1997 2771 c.
2023 2723 2113 2776 38⁴..
2162 2717 2168 2725 '
