2168 3005
715 122 1034 174 CORPORlS
1100 123 1357 174 CHRISTI

1859 143 1862 146 ⁴
1884 128 1984 191 469

95 184 1984 208 mma

87 212 152 270 tis*
171 253 189 281 5
207 214 305 269 non
333 233 478 268 amor·
502 215 603 265 estis
625 251 643 276 ‚
669 216 741 263 led
769 215 928 265 fumus
960 218 1009 265 &

85 301 279 336 amurca
299 282 578 332 dilefflOnis.

152 366 306 413 Aliter
330 361 609 413 constitutus
623 359 683 408 est
698 363 831 408 amor
849 358 925 406 ille
941 358 1008 405 di-

91 429 256 482 vinus,
271 442 366 491 quo
389 424 581 474 miseros
605 426 833 473 mortales
855 422 1010 470 altiffi·

86 507 191 543 mus
221 489 557 552 compleffitur
585 505 597 541 t
632 489 820 537 excedit
854 488 932 535 ille
953 502 1009 535 ac

7 588 10 590 -
88 550 527 623 superatinfinities
565 569 762 601 omnem
796 566 1008 601 amorem

90 621 251 683 mundi
275 620 420 680 coepit
436 620 475 667 is
496 619 551 668 ab
563 620 743 681 origine
763 618 944 676 mundi,
959 621 1008 665 ὅ(

90 686 281 738 durabit
302 685 443 748 usque
466 685 524 734 ad
546 682 1007 733 consummationem

89 750 255 803 (aeculi.

112 809 113 816 ’
150 815 198 862 ()
223 814 287 863 mi
319 812 445 861 Deus
469 811 681 860 amorose
706 812 716 862 !
743 809 933 859 tabescit
958 810 1005 857 in

84 894 162 928 me
181 894 264 926 cot
288 892 477 931 meum,
499 891 606 925 cum
627 890 839 924 amorem
866 888 1002 922 tuum

85 943 346 994 confidem.
380 942 428 990 O
456 932 594 997 quam
627 943 797 1003 longus
829 941 892 987 est
926 940 1004 986 iste

85 1024 219 1073 amor
239 1021 344 1056 tuus
367 1040 382 1063 ‚
402 1000 544 1069 quam
570 1005 841 1060 immensus,
862 995 1003 1068 quam

85 1073 340 1120 exceffivus
367 1105 381 1129 ,
407 1062 547 1133 quam
588 1069 832 1118 indefessus
860 1104 874 1126 ,
906 1085 1001 1132 quo

7 1162 10 1164 -
88 1150 140 1185 tu
165 1139 291 1184 Deus
313 1135 493 1190 lutum,
517 1135 720 1184 Creator
738 1146 1002 1183 creaturam

85 1216 132 1250 es
155 1200 458 1263 complexus!

147 1277 267 1342 Qis
284 1292 489 1341 unquam
515 1276 654 1326 Pate'r
671 1288 751 1325 aut
765 1266 919 1325 Mater
933 1278 1000 1325 ita

83 1335 245 1392 tenere
263 1344 428 1391 dilexit
449 1337 597 1405 filium
613 1375 628 1396 ‚
650 1356 703 1389 ut
725 1342 876 1389 eidem
897 1357 1003 1388 cor-.

82 1406 306 1472 pus'suum
318 1407 364 1453 in
386 1403 530 1453 escam
546 1437 559 1458 ‚
574 1404 844 1468 sangui-nem
857 1406 999 1468 inpo-

83 1483 187 1521 tum
209 1470 266 1518 fit
289 1468 546 1533 elargitus?

145 1554 270 1617 Quae
285 1566 491 1616 unquam
511 1550 759 1599 haereditas
779 1551 998 1614 pinguior

84 1618 248 1669 reneka
263 1618 326 1666 est
343 1616 474 1671 filiis,
490 1616 558 1662 uti
581 1614 655 1663 illa
679 1630 818 1678 quam
844 1619 889 1666 in
905 1634 1000 1671 (σε.

81 1684 131 1732 lo
145 1682 426 1748 praeparavit
445 1680 743 1747 diligentibus
761 1681 801 1729 se
819 1681 841 1733 ’Ξ

142 1765 263 1830 Qis
286 1763 481 1811 Maritus
495 1775 691 1810 uxorem
710 1758 896 1810 suamin
908 1758 998 1807 sce·
1022 1778 1025 1780 ·

79 1830 175 1878 lere
198 1826 535 1891 deprehensam
552 1827 617 1873 ita
630 1825 796 1873 dilexit
810 1861 824 1884 ,
841 1838 892 1872 ut
905 1823 1000 1871 sce-

83 1896 181 1944 lere
206 1893 337 1940 omni
371 1892 649 1938 condonato
678 1891 724 1937 in
755 1889 999 1952 antiquam

79 1959 282 2024 gratiam
313 1959 362 2005 &
392 1956 620 2003 thronum
649 1954 915 2014 receperit?
951 1954 1000 2000 δί

80 2015 200 2073 tulo
223 2022 377 2069 anima
391 2035 512 2076 mea,
526 2019 875 2083 quotieslpreto
896 2018 1001 2065 Deo

49 2094 53 2096 ’
82 2086 302 2137 adhaefisti
337 2086 625 2134 amatoribus
649 2085 773 2142 ταῖς,
791 2084 999 2142 mundo,

84 2153 210 2200 carni
234 2155 281 2199 ὅτ
305 2151 509 2198 daemoni
530 2183 544 2205 ‚
568 2153 617 2199 &
642 2161 801 2197 tamen
823 2147 1000 2210 semper

83 2218 167 2265 tibi
182 2217 403 2263 inclamat
417 2217 543 2261 Deus
557 2225 797 2262 revertere
819 2230 830 2261 :
843 2229 1000 2262 rever·

85 2294 185 2330 tere
209 2284 256 2329 δε
285 2295 376 2344 ego
401 2279 639 2344 sulcipiam
665 2288 740 2335 te,
757 2278 872 2328 dicit
897 2279 998 2328 Do-

85 2360 257 2398 minus,

145 2408 265 2474 Quis
293 2409 495 2472 denique
524 2407 700 2457 amicus
736 2418 868 2455 tanta
901 2419 999 2458 tor·

84 2486 244 2526 menta
270 2487 400 2521 tanta
415 2472 667 2534 opprobria
681 2509 696 2532 ‚
720 2483 794 2521 tot
813 2487 996 2535 poenaS,

81 2554 157 2588 tot
180 2539 374 2586 ludibria
399 2537 603 2585 sustinuit
625 2551 711 2598 pro
727 2538 905 2596 amic0,
924 2541 999 2590 uti

83 2606 300 2655 Salvator
322 2603 473 2652 noster
503 2617 589 2665 pro
611 2601 810 2652 inimicis
828 2605 876 2652 &
889 2619 998 2668 pec.

160 2780 172 2793 2
214 2731 330 2795 (a)-
374 2734 510 2793 Joann
528 2746 573 2787 3·

1061 217 1328 271 tatoribus,
1345 218 1391 264 in
1408 219 1610 264 veritate
1626 214 1778 274 fadus
1801 219 1981 266 amicus

1061 279 1217 327 noster
1245 282 1381 342 nique
1405 282 1461 328 ad
1483 297 1609 328 aram
1633 282 1811 330 trucis?

1094 344 1229 392 Vade
1243 347 1450 401 nunc‚mi
1469 346 1846 407 homo,pondera
1860 347 1984 399 hane

1060 409 1340 456 charitatem
1363 445 1378 469 ‚
1403 411 1572 457 metire
1595 410 1722 459 hunc
1745 425 1985 463 amorem:

1061 474 1232 536 longus
1255 473 1315 520 est
1339 508 1354 531 ,
1389 475 1497 537 quia
1518 474 1574 521 ab
1597 488 1775 523 aterno
1796 488 1845 523 te
1867 475 1984 523 dile·

1061 539 1160 593 xit,
1177 538 1296 586 latus
1313 537 1394 594 est,
1411 539 1518 602 quia
1540 554 1635 586 non
1659 541 1800 587 habet
1812 538 1978 597 finem,

1061 601 1321 666 profundus
1348 602 1408 650 est
1431 639 1443 661 ‚
1479 605 1587 667 qula
1617 600 1644 653 Ξ
1675 618 1889 653 creatura
1909 616 1981 665 at-¹

1059 668 1180 730 tingi
1203 683 1299 716 non
1325 667 1487 729 potest.

1124 733 1395 780 Oarnorem
1409 733 1717 791 exceffivum,
1736 746 1875 797 quem
1889 746 1980 781 nec

1058 794 1460 860 ipstardentiffimi
1494 798 1539 843 in
1564 810 1730 844 amore
1750 797 1978 858 Seraphin

1057 875 1305 925 penetrare
1344 875 1424 910 aut
1459 863 1860 924 compiehendere
1895 874 1981 910 va-

1056 927 1183 978 lent!

1085 1010 1088 1013 ¹
1120 992 1190 1038 Sic
1207 991 1334 1039 Deus
1347 990 1507 1037 dilexit
1533 989 1790 1050 mundum,
1811 990 1886 1050 (a)
1922 1000 1977 1038 ut

1057 1055 1202 1103 filiurn
1219 1054 1347 1103 suum
1371 1057 1664 1118 unigenitum
1687 1055 1845 1105 daret!

1120 1121 1276 1169 Dicite
1291 1136 1413 1170 nunc
1427 1119 1615 1168 obsecro
1637 1124 1735 1171 ΑΛ.
1755 1117 1977 1180 mei,quid

1053 1186 1259 1234 mundus
1282 1199 1367 1247 pro
1392 1185 1482 1231 hoc
1498 1183 1681 1232 amabili
1699 1186 1827 1232 dono
1850 1219 1862 1240 ‚
1889 1196 1976 1244 pro

1051 1250 1146 1298 hoc
1166 1246 1368 1310 pretioso
1381 1264 1575 1296 munere
1590 1264 1690 1310 ‚pro
1706 1250 1794 1295 hoc
1808 1257 1914 1295 coe‘t
1928 1246 1977 1293 sti

1052 1309 1502 1378 pane‚proinfinitol
1527 1330 1583 1360 oc
1596 1329 1755 1360 amore
1771 1313 1974 1373 reponit,

1053 1380 1293 1443 quomodo
1311 1378 1352 1424 se
1374 1390 1559 1439 gratum
1576 1379 1788 1430 exhibet,
1807 1372 1894 1438 qua
1912 1393 1978 1423 ra-

1052 1443 1183 1490 tione
1195 1442 1388 1503 gratiam
1407 1444 1528 1489 hanc
1541 1439 1746 1506 agnoseit
1759 1481 1772 1504 ,
1789 1456 1882 1506 quo
1898 1457 1980 1506 paq

1058 1506 1138 1555 &o
1166 1518 1406 1555 amantem
1434 1505 1680 1558 redamat?

1115 1569 1162 1617 O
1192 1571 1316 1620 Deus
1344 1572 1355 1619 1
1385 1567 1418 1616 ὸ
1441 1570 1625 1619 infinite
1648 1571 1807 1621 amor!
1830 1563 1974 1635 quam

1051 1632 1206 1698 aspere
1232 1673 1244 1692 ‚
1279 1632 1434 1708 quam*
1454 1630 1646 1685 barbare
1677 1637 1735 1683 ab
1776 1635 1973 1683 homine

1051 1698 1263 1749 traditatis
1286 1702 1299 1753 1
1325 1715 1437 1748 vere
1460 1701 1664 1749 Domine
1689 1712 1741 1748 tu
1774 1714 1822 1748 es
1840 1713 1972 1761 pere·

1050 1764 1211 1829 grinus
1230 1764 1315 1812 'ille
1335 1801 1347 1822 ‚
1376 1765 1454 1825 qui
1477 1767 1524 1812 in
1551 1765 1701 1813 forma
1725 1766 1972 1828 peregrina

1052 1829 1235 1877 velatus
1257 1829 1444 1878 incidisti
1469 1831 1515 1876 in
1542 1831 1760 1880 latrones·

1120 1894 1354 1944 Horresco
1386 1895 1541 1940 dicere
1561 1927 1575 1950 ,
1600 1893 1752 1956 capilli
1786 1893 1971 1957 erigun-

1055 1970 1131 2006 tur
1157 1992 1171 2014 ,
1203 1969 1416 2006 tremunt
1436 1957 1525 2006 offa
1541 1991 1554 2014 ,
1577 1960 1689 2006 dum
1723 1959 1967 2020 recogito,

1053 2022 1166 2085 quid
1181 2037 1266 2082 pro
1278 2023 1530 2070 dileetione
1552 2036 1631 2071 tua
1644 2023 1869 2084 rependat
1885 2022 1969 2069 tibi

1052 2088 1285 2148 mundus3
1315 2089 1534 2136 nimirtim
1559 2088 1720 2135 odium
1746 2102 1830 2148 pro
1854 2087 1969 2134 diie-

1053 2153 1241 2205 fflOne,
1271 2151 1559 2201 aversionem
1592 2168 1678 2214 pro
1708 2152 1968 2215 gratia‚in·

1051 2219 1240 2278 jurias&
1253 2224 1582 2281 contemptum
1595 2233 1682 2279 pro
1694 2217 1970 2280 dignatione

1050 2287 1097 2330 &
1120 2282 1299 2332 favore.

1116 2347 1228 2394 Non
1257 2346 1683 2410 conqueror‚quod
1706 2340 1871 2411 perfidi
1889 2347 1970 2407 Ju-

1051 2411 1136 2461 daei
1163 2411 1208 2459 in
1231 2425 1399 2472 panem
1430 2412 1556 2460 hunc
1580 2412 1812 2460 coelestem
1839 2409 1967 2457 ferro

1051 2481 1101 2527 ει
1125 2477 1232 2539 igne
1253 2472 1445 2525 saeviant
1477 2511 1492 2534 ,
1520 2477 1690 2524 acubus
1721 2480 1770 2526 8<
1805 2475 1967 2526 cultris

1051 2536 1338 2602 transfigant
1367 2575 1380 2598 ,
1420 2540 1614 2602 pedibus
1648 2541 1929 2590 conculcent
1948 2576 1965 2600 ‚

1049 2607 1266 2666 manibus
1276 2605 1551 2669 discerpant,
1562 2606 1810 2672 progenies
1821 2605 1881 2652 est
1896 2609 1967 2654 vl-

1087 2670 1133 2718 N
1147 2683 1223 2718 nn
1253 2676 1284 2718 2
1744 2684 1966 2734 peratum
