2198 3005
171 163 298 233 498
1010 160 1097 210 IN

235 336 298 384 ris
316 337 361 383 in
386 334 602 395 Hispania
618 371 633 392 ‚
656 334 1084 398 Longobardorum
1110 335 1155 380 in

236 399 397 454 Italia,
418 398 493 446 ubi
509 397 666 447 sensim
687 414 882 463 regnum
901 414 1046 446 unum
1061 397 1159 462 post

234 465 360 512 aliud
382 464 562 512 corruit
594 465 641 511 in
664 465 871 521 nhilum,
896 460 1156 511 Saracenfis

232 530 409 592 ubique
431 526 737 578 victoriosum
760 538 903 591 caput
925 528 1159 576 extollen-

237 595 377 646 tibus.

303 660 498 706 Nonum
533 657 599 704 ait
621 654 821 704 extitisse
849 659 1162 719 Extravagans

238 723 549 779 fineOrdine‚
578 720 672 769 fine
686 722 926 780 Pondere,
953 718 1047 768 fine
1061 723 1159 767 Nu-

236 804 398 842 mero,
421 785 515 834 fine
529 786 769 839 Mensura.
792 786 869 834 ubi
887 786 1157 834 Ludovicus

235 852 343 902 Pius
378 854 638 914 Imperator
667 845 694 900 a
725 851 924 917 propriis
955 849 1075 898 Finis
1096 851 1158 898 est

234 917 585 969 exauctoratus,

266 1014 283 1031 .
300 983 551 1030 Decimum
578 980 727 1028 asserit
739 980 868 1028 fuisse
889 977 1145 1035 Politicum,

233 1049 314 1098 ubi
337 1048 503 1110 vulpes
532 1047 796 1095 Sambsonis
827 1047 885 1094 ad
912 1042 1158 1093 Guberna-

235 1114 338 1165 cula
360 1114 603 1166 sedebant.

301 1181 621 1229 Undecimum
643 1187 789 1224 vocat
815 1171 991 1223 Invidia
1013 1174 1155 1235 suum,

237 1261 336 1310 quo
375 1244 565 1308 quisque
599 1243 817 1302 Princeps
850 1241 1042 1301 oculum
1077 1238 1158 1286 fibi

236 1326 384 1359 unum
397 1309 598 1366 eruisset,
613 1306 644 1354 si
658 1307 778 1355 alter
794 1305 1008 1353 caruisset
1021 1304 1158 1360 binis,

238 1378 367 1441 quod
391 1366 575 1423 abunde
597 1372 750 1435 patuit
776 1372 822 1419 in
835 1370 965 1418 Bello
984 1370 1123 1417 sacro.

300 1440 648 1490 Duodecimum
662 1437 836 1484 clamat
849 1432 1050 1481 extitisse
1067 1434 1165 1478 Mi-

231 1508 396 1572 serum,
418 1503 545 1569 quod
564 1490 738 1550 merito
751 1499 930 1548 Threni
947 1496 1160 1561 Jeremiae

239 1569 523 1628 decuissent,
548 1569 662 1615 dum
685 1563 1013 1627 Hierosolyma
1039 1553 1064 1609 ὲ
1087 1563 1161 1608 Sa·

238 1637 398 1687 ladino
410 1645 625 1698 recepta,
643 1629 873 1694 Cruxcjue
895 1626 1066 1675 Christi
1081 1640 1163 1688 per

242 1703 420 1767 plateas
446 1689 759 1763 ignominiose
773 1693 896 1744 tra&
906 1708 988 1742 aac
1001 1690 1163 1755 flagel-

245 1768 297 1817 lis
320 1766 383 1825 est
403 1765 526 1821 caesa·

319 1831 572 1881 Decimum
603 1826 800 1876 'tertium
835 1823 991 1872 statuit
1035 1820 1165 1870 fuisse

241 1898 447 1954 Rixosum
458 1930 472 1952 ‚
497 1895 575 1942 ubi
588 1894 678 1941 toti
691 1891 792 1940 orbi
806 1889 1068 1953 imperabat
1090 1886 1164 1934 sri-

241 1964 403 2027 gidum
428 1962 539 2009 illud
562 1959 774 2006 Verbum
809 1956 973 2004 Meum
995 1957 1043 2002 &
1069 1951 1165 1999 Tu·

240 2043 320 2077 um
345 2064 358 2086 ,
388 2026 577 2091 quando
609 2039 691 2088 per
719 2037 797 2087 28.
831 2035 980 2069 annos
1011 2017 1166 2081 capite

242 2094 441 2142 vacabat
465 2090 720 2152 ImpetIum
743 2122 758 2142 ,
795 2102 849 2135 ac
872 2083 1044 2136 cuncta
1073 2083 1165 2147 pri-

218 2158 330 2216 *mh
354 2157 605 2219 occupanti
632 2150 823 2204 cessere.

218 2274 222 2277 ,
307 2223 557 2272 Decimum
590 2232 810 2282 quartum
845 2213 1047 2264 affirmat
1084 2225 1163 2260 ex·

245 2286 382 2336 titisse
405 2283 600 2339 Crudele,
615 2286 691 2332 ubi
711 2281 917 2343 Guelphi
933 2285 979 2330 ὅ(
1004 2277 1165 2325 Gibel-

242 2355 325 2403 lini
349 2344 601 2399 miserrime
620 2349 787 2398 cuncia
810 2348 1011 2395 caedibus
1029 2343 1161 2390 fune-

244 2418 455 2467 stabant:
490 2415 695 2465 Crudeie
717 2413 932 2461 saeculum
956 2448 967 2469 ,
997 2411 1045 2456 in
1068 2422 1162 2471 quo

246 2483 457 2533 Andreas
501 2482 606 2529 Rex
640 2478 862 2539 Neapolis
909 2477 965 2524 ab
1003 2475 1163 2520 Uxore

248 2547 588 2608 strangulatu33
625 2545 790 2592 Petrus
820 2543 923 2588 Rex
959 2537 1166 2586 Castellae

250 2611 395 2660 securi
417 2610 646 2673 percuffus
666 2621 677 2666 3
702 2608 973 2664 Bajazemes
994 2603 1165 2649 'I'urca-

248 2691 353 2727 rum
386 2677 453 2723 lm
492 2711 501 2722 .
531 2667 559 2723 a
588 2671 868 2721 ‘ramex-lane
901 2672 1062 2717 ferreae
1094 2682 1168 2714 ca-

249 2756 352 2794 veae
373 2740 448 2790 inc
471 2738 570 2789 usus
591 2754 606 2799 3
640 2737 717 2785 ubi
753 2728 975 2786 condicta
994 2733 1069 2781 die
1091 2743 1167 2780 tot

1163 157 1465 211 rEs‘ro·

230 268 509 320 Gothorum
533 284 732 333 regnum
757 262 1007 318 eversum&
1027 271 1159 318 Mau·
1211 271 1400 318 centeni
1420 256 2127 328 Templariisuutoe‘c'iflaeuo.

1862 213 1885 227 ,Α-
1924 195 1981 230 ς’,

1214 349 1322 382 men
1343 348 1510 381 eorum
1529 332 1743 382 funditus
1767 334 2010 390 deleam*

1276 399 1525 446 Decimum
1558 398 1788 462 quintum
1811 397 1968 447 scribit
1998 397 2133 447 ffuiffe

1211 461 1540 524 Schismaticum
1561 497 1579 522 ,
1616 461 1696 509 ubi
1722 459 1912 511 diffidiis
1931 460 2134 512 Tunica-
2187 496 2192 501 -

1211 527 1384 577 Christi
1417 525 1535 574 scissa
1561 525 1625 574 est
1655 525 1703 574 in
1726 541 1883 590 partes
1914 527 2133 577 innume-

1212 607 1287 641 ras
1313 625 1326 646 ,
1354 591 1430 637 ubi
1465 590 1728 639 BJzantium
1760 605 2085 656 expugnatum
2103 583 2134 641 ὲ

1214 657 1491 705 Mahomete
1524 671 1578 703 ac
1613 657 1868 719 Imperium
1886 657 2133 707 Orientale

1212 721 1377 770 transit
1403 722 1460 768 ad
1488 721 1683 769 Turcas.
2126 749 2133 760 ·

1275 787 1524 834 Decimum
1550 787 1730 834 sextum
1751 785 2134 836 lamentatore}-

1213 850 1351 901 titisse
1374 853 1629 899 Hernicum
1644 887 1657 908 ,
1687 851 1732 899 in
1754 866 1850 914 quo
1871 864 2004 900 totus
2022 866 2135 913 pro-

1210 908 1270 977 pe
1292 917 1576 975 Septemtrio
1600 920 1654 963 ab
1670 917 1797 963 avita
1822 917 1995 966 defecit
2007 916 2135 970 Fide,

1211 985 1258 1029 ὃ(
1268 982 1331 1091 fifin
1354 979 1562 1030 infinitas
1583 981 1740 1030 Sestas
1760 996 1815 1030 ac
1838 982 2043 1031 Haereses
2064 996 2136 1031 re⁴

1210 1060 1262 1094 ce
1319 1056 1353 1098 t,

1278 1109 1470 1157 Nostros
1495 1109 1696 1171 denique
1734 1111 1994 1173 nonaginta
2015 1111 2135 1160 duos

1210 1189 1362 1222 annos
1375 1207 1387 1229 ,
1403 1188 1522 1235 quos
1550 1175 1643 1220 hoc
1658 1174 1821 1222 saecuio
1834 1174 2040 1222 viximus
2050 1189 2142 1223 vo·

1212 1253 1287 1289 cat
1308 1240 1521 1287 saeculum
1549 1249 1749 1303 apparens
1773 1275 1787 1297 ,
1822 1239 1931 1285 lridi
1960 1237 2135 1297 simile,

1213 1306 1290 1353 ubi
1306 1305 1495 1367 quidem
1521 1303 1707 1350 colores
1734 1294 1927 1366 pulchre
1941 1301 2140 1365 resplen-

1213 1372 1327 1418 dent
1352 1403 1365 1423 ‚
1402 1368 1475 1419 sed
1501 1368 1594 1414 fine
1631 1368 1881 1420 Realitate
1950 1367 2017 1415 lta
2043 1369 2137 1417 ine.

1216 1435 1316 1495 Ego
1350 1429 1468 1479 verb
1493 1427 1616 1479 bona
1641 1433 1869 1481 Authoris
1901 1432 2037 1494 hujus
2058 1448 2141 1482 ve·

1215 1498 1292 1545 nifi
1316 1496 1543 1545 Saeculum
1574 1497 1668 1542 hoc
1700 1497 1909 1543 nostrum
1939 1501 2142 1546 nomino

1215 1561 1452 1623 Bellicosum
1474 1559 1606 1608 simui
1624 1562 1669 1607 &
1685 1561 1958 1628 ingeniosum,
1983 1563 2142 1625 inquo

1216 1627 1345 1675 Mars
1366 1630 1413 1673 &
1445 1625 1593 1672 Pallas
1630 1625 1822 1684 Sceptra
1855 1640 2029 1687 gerunt
2050 1663 2065 1684 ,
2093 1628 2141 1674 in

1253 1708 1315 1741 uo
1348 1690 1473 1738 Mars
1506 1704 1586 1748 per
1609 1689 1817 1737 inaudita
1852 1689 1977 1744 rrius
2006 1691 2144 1738 Mun-

1218 1709 1280 1805 30
1303 1756 1628 1818 stratagemata
1655 1753 1759 1802 beni
1785 1790 1800 1810 ,
1835 1753 1984 1802 Panas
2018 1748 2139 1803 verb

1220 1837 1302 1887 per
1326 1821 1572 1869 recondita
1596 1819 1738 1865 studia
1762 1823 1808 1866 ὅ(
1831 1831 2053 1867 centenas
2074 1822 2143 1868 in·

1217 1887 1472 1937 ventiones
1508 1899 1659 1933 novas
1694 1883 1741 1931 in
1763 1883 1946 1947 Europa
1979 1889 2146 1934 trium·

1252 1953 1388 2000 hant.

1218 1968 1247 2018 p
1297 2020 1408 2064 Non
1454 2014 1730 2061 memorabo
1761 2012 1836 2059 hic
1867 2011 2145 2062 subtilitates

1220 2083 1587 2144 Theologorum
1617 2110 1632 2131 ‚
1671 2079 1910 2125 novitates
1942 2077 2146 2128 Philoso-

1220 2149 1423 2212 phorum
1440 2181 1455 2203 ‚
1471 2144 1711 2192 paradoxa
1736 2142 2141 2197 Astronomorum‚

1221 2213 1422 2262 Astutias
1444 2209 1734 2271 Juristarum:
1772 2207 1964 2255 Tacebo
1978 2209 2037 2255 de
2050 2208 2147 2255 Tu.

1219 2279 1289 2327 bis
1323 2293 1378 2326 ac
1414 2273 1740 2334 Tbeloscopiis
1778 2273 2142 2321 Mathematico-

1216 2359 1320 2391 rum
1346 2379 1362 2401 ‚
1388 2341 1554 2404 quibus
1578 2332 1835 2399 iongissime
1856 2333 2003 2384 dissita
2024 2373 2038 2393 ,
2062 2351 2140 2384 ve·

1217 2410 1288 2456 lut
1325 2405 1564 2469 praesentssa
1602 2403 1752 2449 oculis
1788 2401 1949 2450 nostris
1983 2402 2140 2449 obser·

1218 2486 1418 2525 vantur,
1442 2468 1605 2532 quibus
1626 2469 1672 2512 ὃ(
1695 2466 1909 2513 minimas
1931 2467 2136 2514 maculas

1220 2539 1266 2584 in
1291 2537 1381 2583 soie
1403 2536 1514 2581 luna
1535 2536 1582 2578 ὅ(
1606 2531 1741 2578 stellis
1766 2531 1823 2577 ad
1844 2530 2034 2578 oculum
2055 2545 2141 2580 no·

1221 2603 1289 2648 bis
1311 2596 1658 2661 repraesentant.

1287 2667 1399 2715 Non
1427 2661 1657 2710 extollam
1687 2654 1989 2706 artificiosum
2013 2655 2146 2707 iilum

1219 2728 1412 2780 Tubum
1439 2725 1689 2777 acusticum
1714 2722 1948 2784 Kircheri‚
1970 2737 2067 2839 (ἕο
2089 2723 2140 2769 in

2032 2799 2151 2841 oute
